Product Name,Product Category,Product Price,Product Price (INR),Quantity
Organic Tattva Cinnamon Stick,Organic Products,$2.84,154.07,50g
24 Mantra Organic Moong Dal,Organic Products,$9.45,512.66,1kg
24 Mantra Organic Himalaya Pink Salt,Organic Products,$6.28,340.69,1kg
Organic Tattva Mustard Seed Black,Organic Products,$2.55,138.34,200g
24 Mantra Organic Rice Flour Fine,Organic Products,$4.46,241.96,1kg
24 Mantra Organic Urad White Split Dal,Organic Products,$9.43,511.58,1kg
Organic Tattva Organic Mustard Oil 1 Litre,Organic Products,$11.24,609.77,1g
24 Mantra Organic Mustard Oil,Organic Products,$14.92,809.41,1Ltr
24 Mantra Organic Masoor Dal,Organic Products,$8.49,460.58,1kg
24 Mantra Organic Mixed Dal (​Pancharatan Dal),Organic Products,$5.77,313.02,500g
24 Mantra Organic Roasted Bengal Gram,Organic Products,$6.58,356.96,500g
24 Mantra Organic Besan Flour Fine,Organic Products,$8.38,454.62,1kg
Organic Tattva Foxtail Millet,Organic Products,$5.62,304.88,500g
Organic Tattva Amla Powder,Organic Products,$3.74,202.9,100g
24 Mantra Organic Sattu Flour,Organic Products,$9.10,493.67,1kg
24 Mantra Organic Ginger Powder,Organic Products,$3.64,197.47,100g
Organic Tattva Poha Medium,Organic Products,$3.15,170.89,500g
24 Mantra Organic Chana Dal,Organic Products,$9.03,489.88,1kg
24 Mantra Organic Himalaya Rock Salt,Organic Products,$5.23,283.73,1kg
Organic Tattva Organic Red Chilli Powder,Organic Products,$1.95,105.79,100g
24 Mantra Organic Idly Rava,Organic Products,$4.51,244.67,1kg
24 Mantra Organic Idly Rice,Organic Products,$21.50,1166.38,5kg
24 Mantra Organic Coriander Powder,Organic Products,$3.74,202.9,200g
24 Mantra Organic Gluten Free Multi Grain Atta,Organic Products,$26.18,1420.26,4kg
Down To Earth Organic Multigrain Flour,Organic Products,$4.77,258.77,908g
Organic Tattva Makki Flour,Organic Products,$2.40,130.2,500g
24 Mantra Organic Ground Nut (​Peanut) Oil,Organic Products,$14.92,809.41,1L
Organic India Tulsi Holy Basil Herbal Supplement Infusion Bags - Lemon Ginger 25 pk,Organic Products,$7.14,387.34,25g
Organic Tattva Organic Chana Masala,Organic Products,$3.82,207.24,100g
24 Mantra Organic Bajra Flour,Organic Products,$9.18,498.02,1kg
24 Mantra Organic Cinamon Powder,Organic Products,$3.49,189.33,100g
Classic Organic Tattva Cumin & Coriander Powder,Organic Products,$1.95,105.79,100g
Organic Tattva Organic Rajma Masala,Organic Products,$3.82,207.24,100g
24 Mantra Organic Sambar Powder 283.​,Organic Products,$7.81,423.69,5g
Organic Tattva Organic Pav Bhaji Masala,Organic Products,$3.82,207.24,100g
24 Mantra Organic Sunflower Oil,Organic Products,$12.73,690.6,1ltr
Organic Tattva Organic Coriander Powder,Organic Products,$2.08,112.84,100g
Root2Leaf Organic Indigo Powder,Organic Products,$9.09,493.13,100g
Root2Leaf Organic Multani Mitti Face Pack,Organic Products,$7.09,384.63,100g
Root2Leaf Organic Turmeric Powder,Organic Products,$5.81,315.19,250g
Classic Organic Clove Whole,Organic Products,$3.57,193.67,50g
Down To Earth Organic Chutney - Garlic,Organic Products,$3.81,206.69,200g
Organic India Tea - Tulsi Original - 25 Tea Bags,Organic Products,$7.14,387.34,45g
Organic Tattva Organic Tandoori Masala,Organic Products,$3.82,207.24,100g
Root2Leaf Organic Neem Leaves Powder,Organic Products,$10.84,588.07,100g
Down To Earth Organic Himalyan Crystal Pink Salt,Organic Products,$5.89,319.53,1kg
Organic India Tea - Tulsi Sweet Rose - 25 Tea Bags,Organic Products,$7.14,387.34,40g
24 Mantra Organic Chole Masala,Organic Products,$4.20,227.85,100g
Coriander,Fruits & Vegetables,$1.99,107.96,1 Bunch
Ginger minimum,Fruits & Vegetables,"$2.13

100g
(approx.)


$21.33 per kg",115.55,100g
Methi Leaves,Fruits & Vegetables,$2.17,117.72,1 Bunch
Green Chilli Hot Small minimum,Fruits & Vegetables,"$2.67

100g
(approx.)


$26.67 per kg",144.85,100g
Tomato minimum,Fruits & Vegetables,"$2.36

500g
(approx.)


$4.71 per kg",128.03,500g
Long Melon minimum,Fruits & Vegetables,"$5.51

900g
(approx.)


$6.12 per kg",298.92,900g
Mint,Fruits & Vegetables,$0.95,51.54,1 Bunch
Capsicum Green Each minimum,Fruits & Vegetables,"$1.07

200g
(approx.)


$5.36 per kg",58.05,200g
Cucumber minimum,Fruits & Vegetables,"$0.86

300g
(approx.)


$2.86 per kg",46.66,300g
Okra (​Bhindi ) Whole minimum,Fruits & Vegetables,"$5.48

500g
(approx.)


$10.97 per kg",297.29,500g
Bitter Melon (​Karela) minimum,Fruits & Vegetables,"$2.50

500g
(approx.)


$5.00 per kg",135.62,500g
Garlic Dry Each,Fruits & Vegetables,$3.20,173.6,500g
Egg Plant Big minimum,Fruits & Vegetables,"$1.70

320g
(approx.)


$5.31 per kg",92.22,320g
Beet Root minimum,Fruits & Vegetables,"$1.86

500g
(approx.)


$3.71 per kg",100.9,500g
Banana Cooking minimum,Fruits & Vegetables,"$2.20

.500g
(approx.)


$4.40 per kg",119.35,500g
Tindora Fresh minimum,Fruits & Vegetables,"$5.00

500g
(approx.)


$10.00 per kg",271.25,500g
Egg Plant Small Purple minimum,Fruits & Vegetables,"$3.06

500g
(approx.)


$6.12 per kg",166.0,500g
Coriander 5,Fruits & Vegetables,$8.49,460.58,6 Bunch
Onion Red Spanish minimum,Fruits & Vegetables,"$2.86

1kg
(approx.)


$2.86 per kg",155.16,1kg
Lime minimum,Fruits & Vegetables,"$1.07

300g
(approx.)


$3.57 per kg",58.05,300g
Onion Red Spanish,Fruits & Vegetables,$11.76,637.98,5kg
Potato Wash minimum,Fruits & Vegetables,"$2.00

1kg
(approx.)


$2.00 per kg",108.5,1kg
Green Beans minimum,Fruits & Vegetables,"$5.72

500g
(approx.)


$11.43 per kg",310.31,500g
Onion Brown,Fruits & Vegetables,$7.06,383.0,5kg
Carrots Pre Packed,Fruits & Vegetables,$1.71,92.77,1kg
Potato Brushed,Fruits & Vegetables,$5.71,309.77,5kg
Lemon minimum,Fruits & Vegetables,"$1.50

500g
(approx.)


$2.99 per kg",81.38,500g
Banana minimum,Fruits & Vegetables,"$4.40

1kg
(approx.)


$4.40 per kg",238.7,1kg
Guava minimum,Fruits & Vegetables,"$6.11

350g
(approx.)


$17.45 per kg",331.47,350g
Egg Plant Long minimum,Fruits & Vegetables,"$2.86

500g
(approx.)


$5.71 per kg",155.16,500g
Arvi Small minimum,Fruits & Vegetables,"$5.72

500g
(approx.)


$11.43 per kg",310.31,500g
Beans Long minimum,Fruits & Vegetables,"$5.43

.500g
(approx.)


$10.86 per kg",294.58,500g
Potato Wash,Fruits & Vegetables,$8.57,464.92,5kg
Onion Brown minimum,Fruits & Vegetables,"$1.71

1kg
(approx.)


$1.71 per kg",92.77,1kg
Musturd Leaves,Fruits & Vegetables,$1.79,97.11,1 Bunch
Mung Bean Sprout,Fruits & Vegetables,$2.14,116.1,200g
Onion Brown,Fruits & Vegetables,$11.76,637.98,10kg
Potato Brushed minimum,Fruits & Vegetables,"$1.33

1kg
(approx.)


$1.33 per kg",72.15,1kg
Master Indian Chapati - Whole Meal Roti,Bread & Fresh Chapati,$5.00,271.25,10pcs
Master Indian Chapati - Plain Roti,Bread & Fresh Chapati,$5.00,271.25,10pcs
Master Indian Chapati - Methi Roti,Bread & Fresh Chapati,$5.00,271.25,8pcs
Master Indian Chapati - Missi Roti,Bread & Fresh Chapati,$5.00,271.25,8pcs
Master Indian Chapati - Ragi Roti,Bread & Fresh Chapati,$4.99,270.71,8pcs
Master Indian Chapati - Multi Grain Roti,Bread & Fresh Chapati,$4.99,270.71,8pcs
Master Indian Chapati - Makki Roti,Bread & Fresh Chapati,$4.99,270.71,8pcs
Master Indian Chapati - Rumali Roti,Bread & Fresh Chapati,$4.99,270.71,6pcs
Master Indian Chapati - Onion Chilli Roti,Bread & Fresh Chapati,$4.99,270.71,8pcs
Master Indian Chapati - Ajwain,Bread & Fresh Chapati,$4.99,270.71,8pcs
Master India Chapati - Whole Meal Roti,Bread & Fresh Chapati,$5.00,271.25,10pcs
Master India Chapati - Garlic Roti,Bread & Fresh Chapati,$5.00,271.25,8pcs
Master India Chapati - Missi Roti,Bread & Fresh Chapati,$5.00,271.25,8pcs
Modern Rice Roti,Bread & Fresh Chapati,$4.07,220.8,500g
Pitta Bread - W/​Meal,Bread & Fresh Chapati,$4.49,243.58,10 Pcs
Parle G Gold,Biscuits,$4.99,270.71,1kg
Parle Hide & Seek,Biscuits,$5.99,324.96,400g
Priyagold Butter Bite - Pista & Almond,Biscuits,$9.33,506.15,520g
Priyagold CNC Crack Cheers Family Pack,Biscuits,$6.78,367.82,500g
Priyagold Snacks Zig Zag,Biscuits,$5.61,304.34,450g
Priyagold Cream Cardamom,Biscuits,$5.48,297.29,430g
Priyagold Butter Bite - Butter,Biscuits,$9.33,506.15,520g
Bikano Suji Rusk,Biscuits,"was $6.58


$4.99",356.96,600g
Parle Rusk Elaichi,Biscuits,$6.33,343.4,600g
Britannia Milk Rusk,Biscuits,$7.49,406.33,560g
Britannia Little Hearts,Biscuits,$1.73,93.85,75g
Parle G - Export Pack,Biscuits,$4.38,237.61,799g
Parle Krack Jack,Biscuits,"was $4.99


$3.99",270.71,400g
Britannia Biscuits Jim Jam,Biscuits,$1.61,87.34,100g
Britannia Good Day Cashew,Biscuits,$10.43,565.83,720g
Haldiram's Khari - Plain,Biscuits,$2.82,152.98,200g
Parle G,Biscuits,$3.49,189.33,800g
Britannia Good Day - Pista & Badam,Biscuits,$10.43,565.83,720G
Haldiram's Khari - Jeera,Biscuits,$2.82,152.98,200g
Britannia Treat Bourbone,Biscuits,$5.29,286.98,390g
Haldiram's Khari - Methi,Biscuits,$2.82,152.98,200g
Parle G,Biscuits,$3.49,189.33,800g
Britannia Cake Rusk,Biscuits,$10.59,574.51,550g
Britannia Choco Cream Biscuits Bourbon,Biscuits,$1.23,66.73,97g
Britannia Milk Rusk 1.​ (​ X 4),Biscuits,$11.75,637.44,120 kg
Britannia Good Day Cashew,Biscuits,$1.27,68.9,75g
Parle Hide & seek Chocolate 82.​ X 5 pack,Biscuits,$7.39,400.91,5 G
Britannia Milk Bikis cream,Biscuits,$1.24,67.27,100g
Britannia Good Day Pista & Badam,Biscuits,$1.48,80.29,75g
Britannia Good Day Chocochip,Biscuits,$1.73,93.85,120g
Britannia Nice Time Coconut x 6 pack,Biscuits,$6.87,372.7,80g
Britannia Treat Bourbone,Biscuits,$9.88,535.99,780g
Britannia Milk Biscuits,Biscuits,$6.09,330.38,540g
Parle G,Biscuits,$3.49,189.33,800g
Frontier Rusk Eggless,Biscuits,$16.13,875.05,1kg
Britannia 50 -50 Sweet & Salt,Biscuits,$1.08,58.59,62g
Britannia Cake Rusk,Biscuits,$3.86,209.4,240g
Parle Monaco,Biscuits,"was $4.99


$3.99",270.71,400g
Britannia Milk Bikis,Biscuits,$1.26,68.36,100g
Britannia Digestive,Biscuits,$3.90,211.58,400g
Britannia Cake - Fruit Egg Less,Biscuits,$4.92,266.91,250g
Britannia 50 -50 Maska Chaska,Biscuits,$1.18,64.02,62g
Britannia Krunch Chocochips,Biscuits,$4.93,267.45,512g
Britannia Good Day Butter,Biscuits,$10.10,547.92,720G
Britannia Good Day Chocochips Cookies x 6pk,Biscuits,$7.28,394.94,120g
Britannia Digestive Sugar Free,Biscuits,$2.51,136.17,200G
Atul Khari - Plain,Biscuits,$2.73,148.1,200g
Britannia Good Day Cashew,Biscuits,$4.03,218.63,231g
Thums Up Tin,Drinks,$1.99,107.96,300ml
Frooti Mango,Drinks,$4.93,267.45,1ltr
Mtr Badam Drink 6pk,Drinks,$11.53,625.5,180ml
Frooti Mango X 6 Pk,Drinks,$9.88,535.99,200ml
Jeeru - Jeera Masala,Drinks,$2.56,138.88,600ml
Maaza Mango,Drinks,$2.88,156.24,600ml
Jeeru Jeera Masala,Drinks,$2.18,118.27,300ml
Mtr Badam Drink,Drinks,$2.07,112.3,180ml
Mtr Badam Drink Cardamom,Drinks,$1.96,106.33,180ml
Patanjali Aloe Vera Juice,Drinks,$9.50,515.38,1 Ltr
Real Juice - Guava,Drinks,$5.51,298.92,1l
Mtr Badam Drink Cardm 6 X,Drinks,$11.23,609.23,180ml
Thums Up,Drinks,$2.74,148.65,1 Ltr
7up Nimbooz,Drinks,$2.18,118.27,250ml
Mapro Rose Sharbat,Drinks,$7.83,424.78,700ml
Real Juice - Mango Nectar,Drinks,$4.89,265.28,1ltr
Real Juice - Green Mango,Drinks,$6.05,328.21,1l
Real Juice - Alphonso Mango,Drinks,$7.20,390.6,1l
Kushi Mango Drink,Drinks,$2.59,140.51,1ltr
Kushi Pomegranate Drink,Drinks,$2.62,142.14,1ltr
Mapro Kokum Crush,Drinks,$7.83,424.78,700ml
Bikano Thandai Drink,Drinks,$2.17,117.72,180ml
Patanjali Amla Juice,Drinks,$4.32,234.36,500ml
Patanjali Giloy Juice Best Before - 31/​03/​2024,Drinks,$7.13,386.8,500ml
Real Juice - Mixed Fruit,Drinks,$5.48,297.29,1l
B Natural Guava Juice,Drinks,"was $5.48


$4.29",297.29,1ltr
Mtr Badam Drink - Rose,Drinks,$1.76,95.48,180ml
Mtr Badam Drink - Rose 6 X,Drinks,$10.59,574.51,180ml
Mapro Litchi Crush,Drinks,$7.83,424.78,700ml
Patanjali Karela Amlajuice,Drinks,$6.91,374.87,500ml
777 Nannari Sharbat,Drinks,$4.93,267.45,750ml
Jeeru - Jeera Masala,Drinks,$2.18,118.27,300ml
Maaza,Drinks,$5.18,281.02,1ltr
Mapro Khus,Drinks,$7.83,424.78,750ml
Real Juice - Litchi,Drinks,$6.11,331.47,1l
Swadeshi Amla Ras,Drinks,$6.00,325.5,500ml
B Natural Litchi Juice,Drinks,"was $5.48


$4.29",297.29,1ltr
Sipso Coconut Water,Drinks,$3.13,169.8,520ml
777 Rose Sharbat,Drinks,$4.93,267.45,750ml
Amul Kool Cafe X 6pk,Drinks,$10.32,559.86,200ml
Appy Fizz,Drinks,$4.93,267.45,1ltr
Red Bull,Drinks,$1.63,88.43,250ml
Swadeshi Triphala Ras,Drinks,$6.56,355.88,500ml
Bikano Badam Drink,Drinks,$2.17,117.72,180ml
Mapro Pink Guava Crush,Drinks,$6.60,358.05,750ml
Mapro Variyali Sarbat,Drinks,$7.83,424.78,750ml
Nu-Pure Water X 24,Drinks,$16.48,894.04,600ml
Haldiram's Gulab Jamun 16pc,Sweets,$6.99,379.21,1kg
Haldiram's Rasmalai,Sweets,$6.55,355.34,1kg
Haldiram's Rasgulla,Sweets,$7.19,390.06,1kg
Haldiram's Badam Halwa,Sweets,"was $3.99


$2.99",216.46,200g
Haldiram's Soan Papdi Red,Sweets,$3.38,183.36,250g
Bikaji Sweet - Gulab Jamun,Sweets,"was $6.99


$5.49",379.21,1 Kg
Saurbhi Sweet Motichoor Ladoo,Sweets,$4.59,249.01,200g
Nanak Khoa/​Mawa,Sweets,$8.79,476.86,341g
Haldiram's Soan Papdi Yelllo,Sweets,$3.37,182.82,250g
Saurbhi Sweet Kaju Katli,Sweets,$8.25,447.56,200g
Haldiram's Soan Papdi Yellow,Sweets,$6.40,347.2,500g
Saurbhi Sweet - Milk Cake,Sweets,$7.50,406.88,200g
Saurbhi Shreekhand - Kesar Pista,Sweets,$10.79,585.36,500g
Parsram Alphonso Mango Pulp,Sweets,"was $6.49


$4.99",352.08,850g
Saurbhi Shreekhand - Mango,Sweets,$10.49,569.08,500g
GRB Bombay Halwa,Sweets,"was $3.80


$2.99",206.15,200g
Saurbhi Sweet Motichur Ladoo,Sweets,$10.38,563.12,400g
Grb Sweet - Gulab Jamun,Sweets,$8.13,441.05,1kg
Haldiram's Sweet Gajar Halwa,Sweets,$7.07,383.55,283g
Saurbhi Shreekhand - Rajbhog,Sweets,$10.49,569.08,500g
Grb Soan Cake,Sweets,$3.51,190.42,200gm
Haldiram's Sweet Kaju Katli,Sweets,$14.67,795.85,28 pcs
Ratna Alphanso Mango Pulp,Sweets,$9.99,541.96,850g
Nanak Rasmalai Mango,Sweets,$17.38,942.86,850g
Grb Dates Halwa,Sweets,$3.99,216.46,200g
Haldiram's Rajbhog,Sweets,$7.19,390.06,1kg
Saurbhi Sweet - Kaju Katri,Sweets,$15.81,857.69,400g
Haldiram's Kesar Rasbhari,Sweets,$7.19,390.06,1kg
Grb Soan Papdi,Sweets,$3.80,206.15,200g
Haldiram's Sweet MotiChoor Ladoo,Sweets,$9.53,517.0,12pcs
Haldiram's Soan Papdi Red,Sweets,$6.49,352.08,500g
Mother's Alphanso Pulp,Sweets,$6.25,339.06,850g
Bikano Panjeeri Laddu,Sweets,$5.99,324.96,400g
Rajah's Gulab Jamun,Sweets,"was $1.99


$1.49",107.96,250g
GRB Dry Fruit Halwa,Sweets,$3.99,216.46,200g
Nanak Gulab Jamun,Sweets,$13.75,745.94,908g
Saurbhi Soan Papdi,Sweets,$2.99,162.21,250g
Nanak Rasmalai Kesar,Sweets,$17.82,966.74,850g
Saurbhi Sweet Milk Cake,Sweets,$13.75,745.94,400g
Indya Pulp - Alphonso Mango,Sweets,$5.71,309.77,850g
Haldiram's Rasmalai,Sweets,$20.35,1103.99,4kg
Bc Kaju Katli,Sweets,$6.19,335.81,200g
Saurbhi Sweet - Kaju Mix,Sweets,$15.00,813.75,400g
Maharaja Choice Shahi Jamun,Sweets,$6.99,379.21,1kg
Kanha Malpua,Sweets,"was $7.99


$6.89",433.46,1kg
Mother's Kesar Mango Pulp,Sweets,$5.63,305.43,850g
Haldiram's Cham Cham,Sweets,$7.19,390.06,1kg
Saurbhi Sweet Kaju Pista Roll,Sweets,$14.60,792.05,400g
Yash Mathiya,Frozen,$2.99,162.21,200g
Home Roots Paratha - Aloo X,Frozen,$3.99,216.46,95g
Home Roots Paratha - Malabar X,Frozen,"was $4.99


$3.49",270.71,80g
Home Roots Jumbo Bombay Vada,Frozen,"was $5.99


$3.49",324.96,380g
Home Roots Punjabi Samosa Jumbo x,Frozen,$15.49,840.33,100g
Shuddh Ice Cream - Tutti Frutti,Frozen,$3.66,198.56,150ml
Shuddh Ice Cream - Pistachio,Frozen,$3.66,198.56,150ml
Shuddh Ice Cream - Mango,Frozen,$3.66,198.56,150ml
Home Roots Paratha - Home Style x,Frozen,"was $4.99


$3.49",270.71,57g
Talod Mathiya,Frozen,$9.99,541.96,500g
Deep Frozen Veg - Green Chilli - Hot,Frozen,$3.28,177.94,340g
Deep Frozen Veg - Bhindi Cut,Frozen,$3.28,177.94,340g
Vadilal Bhindi Cut (​Cut Okra),Frozen,$3.28,177.94,312g
Vadilal Green Chilli,Frozen,$3.28,177.94,312g
Vadilal Tindora,Frozen,$3.28,177.94,312g
Vadilal Guvar,Frozen,$3.28,177.94,312g
Katoomba Paratha - WholeMeal 30 Pc,Frozen,$17.83,967.28,30g
Vadilal Drumstick,Frozen,$3.28,177.94,312g
Deep Frozen Veg - Tindora,Frozen,$3.28,177.94,340g
Ayers Rock Coconut Shreded,Frozen,$4.90,265.83,400g
Deep Frozen Veg - Drumsticks,Frozen,$3.28,177.94,340g
Deep Frozen Veg - Guvar,Frozen,$3.28,177.94,340g
Haldiram Phulka Roti,Frozen,$12.70,688.97,900g
Karan's Coconut Grated,Frozen,$3.75,203.44,400g
Vadilal Methi - Fenugreek,Frozen,$3.92,212.66,312g
Vadilal Arvi,Frozen,$3.28,177.94,312g
Katoomba Paratha - Plain,Frozen,$17.83,967.28,30 Pcs
Deep Frozen Veg - Arvi,Frozen,$3.28,177.94,340g
Vadilal Green Peas - Mutter,Frozen,$3.28,177.94,312g
Haldiram Paratha - Paneer Onion,Frozen,$7.07,383.55,400g
Vadilal Parwal,Frozen,$3.28,177.94,312g
Vadilal Coconut Slices,Frozen,$3.90,211.58,312g
Deep Samosa 50 Cocktail Potato - NONG,Frozen,$5.11,277.22,50g
Vadilal Val Papadi,Frozen,$3.30,179.02,312g
Vadilal Red Onion,Frozen,$3.28,177.94,312g
Vadilal Baby Bhindi Whole,Frozen,$3.28,177.94,312g
Haldiram Paratha - Gobi,Frozen,$6.96,377.58,400g
Deep Frozen Veg - Bhindi Whole,Frozen,$3.28,177.94,340g
Vadilal Coconut Grated,Frozen,$3.91,212.12,312g
Haldiram Hara Bhara Kebab,Frozen,$7.32,397.11,300g
Pattu Paratha Plain,Frozen,$16.48,894.04,30 Pcs
Vadilal Suran - Yam,Frozen,$3.28,177.94,312g
Saurbhi Iqf - Green Chilli Hot,Frozen,$2.18,118.27,312g
Vadilal Green Mango Offcut,Frozen,$3.28,177.94,312g
Dairy Farmers Full Cream Milk,Dairy,$6.26,339.6,3ltr
Sharma Paneer approx to,Dairy,"$5.93
(approx.)


$19.76 per kg",321.7,250g
Shuddh Paneer approx to,Dairy,"$7.30
(approx.)


$18.25 per kg",396.02,400g
Dosa / Idli Batter - Shree Ganesh,Dairy,$7.65,415.01,1l
Shhahi Paneer approx to,Dairy,"$6.30

350g
(approx.)


$17.99 per kg",341.78,350g
Sharma Yoghurt,Dairy,$10.60,575.05,2kg
Dosa / Idli Batter - Shree Ganesh,Dairy,$13.65,740.51,2l
Chtaura Yoghurt,Dairy,$8.43,457.33,2kg
Shree Ganesha Paneer Approx to,Dairy,"$5.34
(approx.)


$17.81 per kg",289.7,300g
Dosa / Idli Batter - Amma,Dairy,$7.33,397.65,1l
Sharma Yoghurt,Dairy,$3.25,176.31,500g
Dosa / Idli Batter - Amma,Dairy,$13.73,744.85,2l
Shree Ganesh Yoghurt,Dairy,$9.28,503.44,2kg
Chtaura Yoghurt,Dairy,$14.17,768.72,5kg
Shuddh Yoghurt,Dairy,"$9.76


$9.76 per kg",529.48,2kg
Shree Ganesh Yoghurt,Dairy,$5.90,320.08,1kg
Shuddh Yoghurt,Dairy,"$6.27


$6.27 per kg",340.15,1kg
Chtaura Yoghurt,Dairy,$4.82,261.48,1kg
Mother Whipped Butter,Dairy,$6.33,343.4,250ml
Shree Ganesh Yoghurt,Dairy,$18.80,1019.9,5kg
Sai Shree - Yoghurt,Dairy,$8.47,459.5,2kg
Sai Shree - Yoghurt,Dairy,"$16.59


$16.59 per kg",900.01,5kg
Shuddh Mango Lassi,Dairy,"$3.21


$3.21 per kg",174.14,300ml
Sharma Yoghurt,Dairy,$23.98,1300.92,5kg
Sharma Mango Lassi Best Before - 08/​02/​2024,Dairy,"$3.99


$3.99 per kg",216.46,300ml
Sai Shree - Yoghurt,Dairy,$5.24,284.27,1kg
Sahara Yoghurt,Dairy,$10.99,596.21,2kg
Shuddh Yoghurt,Dairy,"$18.98


$18.98 per kg",1029.66,5kg
Indya Whipped Butter,Dairy,$12.14,658.6,250g
Sharma Kesar Milk,Dairy,"$3.63


$3.63 per kg",196.93,300ml
Shuddh Yoghurt,Dairy,"$33.13


$33.13 per kg",1797.3,10kg
Shuddh Rose Chia Lassi Best Before - 05/​02/​2024,Dairy,"$3.99


$3.99 per kg",216.46,300ml
Shuddh Paneer Big Block approx to,Dairy,"$45.62
(approx.)


$18.25 per kg",2474.88,2kg
Indya Whipped Butter,Dairy,$23.57,1278.67,600g
Yakult Ferented Mlkdrink X,Dairy,$4.25,230.56,6l
Sai Shree Mango Lassi Best Before - 15/​02/​2024,Dairy,$3.69,200.18,300ml
Shuddh Badam Milk,Dairy,"$3.21


$3.21 per kg",174.14,300ml
Mother's Pride Mukhawas - Jaipuri,Mukhavas,"was $13.00


$9.99",705.25,1kg
Mother's Pride Fennel Seed Raw,Mukhavas,$10.31,559.32,500g
Dabur Hajmola Imli,Mukhavas,$2.20,119.35,76g
Saurbhi Fennel Seeds Raw,Mukhavas,$13.75,745.94,500g
Dabur Hajmola Regular,Mukhavas,$2.36,128.03,76g
Saurbhi Calcutti Pan Mix,Mukhavas,$3.58,194.22,200g
Mother's Pride Mukhawas - Calcutti Pan,Mukhavas,$2.95,160.04,200g
Mother's Pride Dhana Dal,Mukhavas,$2.00,108.5,200g
Mother's Pride Mukhawas - Shahi,Mukhavas,$2.95,160.04,200g
Mother's Pride Fennel Seed Raw,Mukhavas,$20.53,1113.75,1kg
Dabur Hajmola Pudina,Mukhavas,$1.85,100.36,120pcs
Mother's Pride Mukhawas - Jaipuri,Mukhavas,$2.95,160.04,200g
Mother's Pride Mukhawas - Kesar Mix,Mukhavas,$2.95,160.04,200g
Mother's Pride Dhana Dal,Mukhavas,$4.80,260.4,500g
Mother's Pride Mukhawas - Imli Goli,Mukhavas,$2.95,160.04,200g
Hawaban Harde,Mukhavas,$3.99,216.46,100g
Mother's Pride Mukhawas - Imli Goli,Mukhavas,$2.49,135.08,150g
Saurbhi Calcutti Pan Mix,Mukhavas,$14.17,768.72,1kg
Mother's Pride Flax (​Alsi) Seed,Mukhavas,$3.29,178.48,500g
Mother's Pride Mukhawas - Gujarati,Mukhavas,$2.95,160.04,200g
Mother's Pride Mukhawas - Pachak Amla,Mukhavas,$2.95,160.04,200g
Mother's Pride Mukhawas - Roasted,Mukhavas,$2.95,160.04,200g
Mother's Pride Flax (​Alsi) Seed,Mukhavas,$1.59,86.26,200g
Mother's Pride Mukhawas - Calcutti Pan,Mukhavas,$13.00,705.25,1kg
Saurbhi Mukhavas Til Roasted,Mukhavas,$2.76,149.73,200g
Saurbhi Mukhavas Roasted,Mukhavas,$3.45,187.16,200g
Mother's Pride Dhana Dal,Mukhavas,$9.82,532.74,1kg
Mother's Pride Mukhawas - Gujarati,Mukhavas,$2.49,135.08,140gm
Mother's Pride Mukhawas - Kesar Mix,Mukhavas,$2.49,135.08,170g
Mother's Pride Mukhawas - Shahi Mix,Mukhavas,$2.49,135.08,170g
Patanjali Pachak Hing Goli,Mukhavas,$3.46,187.7,100g
Saurbhi Mulethi Whole,Mukhavas,$2.76,149.73,100g
Saurbhi Tooty Fruity Green,Mukhavas,$1.85,100.36,200g
Viya Dried Rose Petals,Mukhavas,$5.50,298.38,100gm
Mother's Pride Mukhawas - Sugar Coated,Mukhavas,$2.95,160.04,200g
Dabur Hingoli,Mukhavas,$2.51,136.17,90pcs
Saurbhi Calcutti Pan Mix,Mukhavas,$5.48,297.29,300g
Saurbhi Mukhavas Jaypuri,Mukhavas,$10.68,579.39,1kg
Mother's Pride Mukhawas - Jaipuri,Mukhavas,$2.49,135.08,180g
Mother's Pride Mukhawas - Jira Goli,Mukhavas,$2.49,135.08,225g
Mother's Pride Mukhawas - Sugar Coated Fennel Seed,Mukhavas,$2.49,135.08,245g
Dabur Triphala Churan,Mukhavas,$3.29,178.48,120g
Lata's Calcutta Meetha Pan,Mukhavas,$6.05,328.21,250g
Marathi Swad Gulkand Best Before - 14/​04/​2024,Mukhavas,"was $5.81


$4.29",315.19,200g
Saurbhi Tooty Fruity Red,Mukhavas,$6.28,340.69,1kg
Dabur Triphala Churan,Mukhavas,$9.17,497.47,500g
Mother's Pride Mukhawas - Sweet Amla,Mukhavas,$2.95,160.04,200g
Mother's Pride Mukhwas - Imli Ladu,Mukhavas,$2.49,135.08,200g
Kurkure Masala Munch,Snacks & Chips,"was $1.99


$1.79",107.96,82g
Lay's Magic Masala,Snacks & Chips,"was $1.99


$1.79",107.96,52g
Kurkure Green chutney Rajasthani Style,Snacks & Chips,"was $1.99


$1.79",107.96,75g
Uncle Chips Spicy Treat,Snacks & Chips,$2.08,112.84,55g
Lay's Spanish Tomato Tamgo,Snacks & Chips,"was $1.99


$1.79",107.96,52gm
Kurkure Solid Masti,Snacks & Chips,"was $1.99


$1.79",107.96,75g
Kurkure Naughty Tomato,Snacks & Chips,"was $2.08


$1.79",112.84,90g
Kurkure Chaat Fill - Bhel Chutney Twist,Snacks & Chips,$0.99,53.71,40g
Kurkure Chaat Fill - Papdi Chaat Twist,Snacks & Chips,$0.99,53.71,40g
Gujjuben Panipuri Kit,Snacks & Chips,$6.99,379.21,430g
Gujjuben Bhel Makhana Kit,Snacks & Chips,$9.99,541.96,320g
Gujjuben Sev Puri Kit,Snacks & Chips,$6.49,352.08,400g
Haldiram's Mini Bhakharwadi,Snacks & Chips,$2.71,147.02,150g
Haldiram's Bhujia Sev,Snacks & Chips,$12.27,665.65,1kg
Haldiram's Bhujia Sev,Snacks & Chips,$2.71,147.02,150g
Haldiram's Boondi Masala,Snacks & Chips,$3.41,184.99,200g
Haldiram's Aloo Bhujia,Snacks & Chips,$2.71,147.02,150g
Bikaji Snack - Bikaneri Bhujia,Snacks & Chips,"was $11.53


$8.99",625.5,1kg
Haldiram's Moong Dal,Snacks & Chips,$2.71,147.02,160g
Haldiram's Tasty Nuts,Snacks & Chips,$2.71,147.02,150g
Haldiram's Bhel Puri,Snacks & Chips,$2.46,133.45,150g
Haldiram's Khatta Meetha,Snacks & Chips,$2.71,147.02,150g
Haldiram's Mathri,Snacks & Chips,$2.71,147.02,150g
Haldiram's Bhel Puri,Snacks & Chips,$4.71,255.52,300g
Haldiram's Ratlami Sev,Snacks & Chips,$2.71,147.02,150g
Aayu's Nylon Sev Fine,Snacks & Chips,$4.19,227.31,360g
Haldiram's Boondi,Snacks & Chips,$4.79,259.86,350g
Balaji Snack - Ratlami Sev,Snacks & Chips,$4.99,270.71,400g
Haldiram's Bhujia Sev,Snacks & Chips,$5.20,282.1,350g
Haldiram's Mini Samosa,Snacks & Chips,$2.71,147.02,150g
Haldiram's Mixture,Snacks & Chips,$2.71,147.02,150g
Bikaji Snack - Nut Cracker,Snacks & Chips,"was $11.53


$8.99",625.5,1kg
Haldiram's Gol Kachori,Snacks & Chips,$2.71,147.02,150g
Haldiram's Chana Choor,Snacks & Chips,$2.71,147.02,150g
Haldiram's Soya Sticks,Snacks & Chips,$2.71,147.02,150g
Aayu's Sev Usal,Snacks & Chips,$4.19,227.31,360g
Haldiram's Bhujia,Snacks & Chips,$14.26,773.6,1kg
Haldiram's Aloo Lachha,Snacks & Chips,$2.71,147.02,150g
Haldiram's Aloo Bhujia,Snacks & Chips,$3.41,184.99,200g
Haldiram's Cornflakes Mixtu,Snacks & Chips,$2.71,147.02,150g
Haldiram's Boondi,Snacks & Chips,$11.13,603.8,1kg
Haldiram's Boondi Plain,Snacks & Chips,$3.41,184.99,200g
Haldiram's Alu Masala Chips,Snacks & Chips,$2.71,147.02,80g
Kemchho Snack - Papdi Nylon,Snacks & Chips,$4.18,226.76,270g
Aayu's Usal Misal Mix,Snacks & Chips,$4.19,227.31,360g
Haldiram's All In One,Snacks & Chips,$2.71,147.02,150g
Haldiram's Bhujia,Snacks & Chips,$3.41,184.99,200gm
Haldiram's Dal Makhani,Ready To Eat,$4.38,237.61,300gm
Bansari Soya Chaap Veg Special,Ready To Eat,"was $5.49


$4.49",297.83,850g
Haldiram's Kadhi Pakora,Ready To Eat,$4.38,237.61,300g
Haldiram's Choley Dilli Ke,Ready To Eat,$4.38,237.61,300g
Haldiram's Pav Bhaji,Ready To Eat,$4.38,237.61,300gm
Haldiram's Paneer Makhani,Ready To Eat,$4.38,237.61,300gm
Mitchell Sarson Ka Saag,Ready To Eat,"was $4.38


$2.99",237.61,800g
Bansari Soya Chaap Cut Stickless,Ready To Eat,"was $6.49


$5.49",352.08,850g
Haldiram's Sarson Da Saag,Ready To Eat,$4.38,237.61,300gm
Ashoka Palak Paneer,Ready To Eat,"was $3.63


$2.19",196.93,280g
Haldiram's Rajma Raseela,Ready To Eat,$4.38,237.61,300gm
Ashoka Pav Bhaji,Ready To Eat,"was $3.63


$2.19",196.93,280g
Mtr Kadhi Pakora,Ready To Eat,$3.46,187.7,300g
Mtr Pav Bhaji,Ready To Eat,$3.46,187.7,300g
Mtr Dal Makhani,Ready To Eat,$3.46,187.7,300g
Ashoka Punjabi Choley,Ready To Eat,"was $3.63


$2.19",196.93,280g
Haldiram's Dal Tadka,Ready To Eat,$4.38,237.61,300g
Haldiram's Palak Paneer,Ready To Eat,"was $4.38


$2.99",237.61,300g
Mtr Chana Masala,Ready To Eat,$3.46,187.7,300g
Mtr Paneer Butter Masala,Ready To Eat,$3.46,187.7,300g
Ashoka Dal Makhani,Ready To Eat,"was $3.63


$2.19",196.93,280g
Ashoka Methi Malai Matar,Ready To Eat,"was $3.63


$2.19",196.93,280g
Mtr Bhindi Masala,Ready To Eat,$3.46,187.7,300g
Ashoka Paneer Makhani,Ready To Eat,"was $3.63


$2.19",196.93,280g
Ashoka Bombay Biryani,Ready To Eat,"was $3.63


$2.19",196.93,280g
Haldiram's Dal Palak,Ready To Eat,$4.38,237.61,300gm
Haldiram's Shahi Paneer,Ready To Eat,$4.38,237.61,300gm
Haldiram's Pav Bhaji,Ready To Eat,"was $4.38


$2.99",237.61,300g
Tata Rassa - Amritsari Chana Masala,Ready To Eat,"was $2.73


$1.79",148.1,285g
Mtr Palak Paneer,Ready To Eat,$3.46,187.7,300g
Mtr Rajma Masala,Ready To Eat,$3.46,187.7,300g
Haldiram's Paneer Makhani,Ready To Eat,"was $4.38


$2.99",237.61,300g
Mtr Mixed Veg. Curry,Ready To Eat,$3.46,187.7,300g
Bansari Sarson Ka Saag,Ready To Eat,"was $5.49


$4.49",297.83,850g
Mtr Dal Fry,Ready To Eat,$3.46,187.7,300g
Mtr Sambar,Ready To Eat,$3.46,187.7,300g
Mtr Alu Methi,Ready To Eat,$3.46,187.7,300g
Haldiram's Aloo Mutter,Ready To Eat,$4.38,237.61,300g
Green Ocean Paan Petha,Ready To Eat,"was $7.49


$5.99",406.33,1kg
Lata's Soya Chap Special,Ready To Eat,$5.89,319.53,850g
Tata Rassa - Punjabi Palak & Corn Curry,Ready To Eat,"was $2.73


$1.79",148.1,285g
Ashoka Surti Undhiu,Ready To Eat,"was $3.63


$2.19",196.93,280g
Green Ocean Kesar Angoori Petha,Ready To Eat,"was $7.49


$5.99",406.33,1kg
SDS Veg Soya Chap,Ready To Eat,$5.86,317.91,850g
Tata Rassa - Lucknowi Nihari Curry,Ready To Eat,"was $2.73


$1.79",148.1,150g
Haldiram's Punjbi Kdhi Pkd,Ready To Eat,"was $4.38


$2.99",237.61,300g
Mother's Cup Poha,Ready To Eat,$3.13,169.8,75g
Sohna Sarson Ka Saag,Ready To Eat,$4.40,238.7,800g
Ching's Miracle Masala Paneer Chilli,Ready To Cook,$2.03,110.13,50gm
Ching's Schezwan Fried Rice Masala,Ready To Cook,$3.01,163.29,5p
Ching's Miracle Masala Hakka Noodls,Ready To Cook,$2.03,110.13,50gm
Ching's Miracle Masala Veg. Manchurian Mix,Ready To Cook,$2.03,110.13,50gm
Ching's Soup - Sweet Corn,Ready To Cook,$2.47,134.0,55g
Ching's Miracle Masala Schezwan Rice,Ready To Cook,$2.03,110.13,50gm
Knorr Hot & Sour Veg Soup,Ready To Cook,$2.82,152.98,43g
Rasoi Magic Paneer Tikka Masala,Ready To Cook,$3.28,177.94,50g
Ching's Hakka Noodles Masala 5pk,Ready To Cook,$3.01,163.29,100g
Knorr Chinese Manchurian Soup,Ready To Cook,$2.48,134.54,55g
Rasoi Magic Paneer Tawa Masala,Ready To Cook,$3.28,177.94,50g
Knorr Thick Tomato Best Before - 06/​04/​2024,Ready To Cook,$2.73,148.1,53g
Ching's Magic Masala Chilli Chicken,Ready To Cook,$2.03,110.13,50g
Knorr Chinese Chilli Soup,Ready To Cook,$2.47,134.0,51g
Ching's Soup - Tomato,Ready To Cook,$2.47,134.0,55g
Marathi Swad Misal Tarri,Ready To Cook,$5.50,298.38,300g
Rasoi Magic Paneer Makhanwala,Ready To Cook,$3.28,177.94,45g
Rasoi Magic Pav Bhaji Mix,Ready To Cook,$3.28,177.94,60g
Rasoi Magic Veg Kadhai,Ready To Cook,$3.28,177.94,45g
Rasoi Magic NONG - Paneer Tikka Masala,Ready To Cook,$3.28,177.94,50g
Rasoi Magic Paneer Tikka Masala,Ready To Cook,$3.28,177.94,50g
Suhana RTC - Paneer Chilli Dry,Ready To Cook,$2.28,123.69,50g
Suhana RTC - Veg Biryani,Ready To Cook,$2.28,123.69,50g
Ching's Soup - Mix Veg,Ready To Cook,$2.47,134.0,55g
Knorr Hong Kong Manchow,Ready To Cook,$3.28,177.94,46g
Mother's Paneer Butter Masala,Ready To Cook,$2.53,137.25,75g
Rasoi Magic Veg Kolhapuri,Ready To Cook,$3.28,177.94,45g
Suhana RTC - Manchurian,Ready To Cook,$2.28,123.69,80g
Mother's Chicken Biryani,Ready To Cook,$2.53,137.25,80g
Rasoi Magic Paneer Butter Masala,Ready To Cook,$3.28,177.94,50g
Rasoi Magic Palak Paneer,Ready To Cook,$3.28,177.94,50g
Rasoi Magic NONG - Paneer Makhanwala,Ready To Cook,$3.28,177.94,45g
Mother's Chicken Curry,Ready To Cook,$2.53,137.25,80g
Mother's Chicken 65,Ready To Cook,$2.53,137.25,50g
Rasoi Magic NONG - Paneer Butter Masala,Ready To Cook,$3.28,177.94,45g
Suhana Rtc Cuppa Misal,Ready To Cook,$2.54,137.8,70g
Knorr Mexican Tomato Corn,Ready To Cook,$2.59,140.51,50g
Mother's Veg Makhanwala,Ready To Cook,$2.53,137.25,75g
Rasoi Magic Paneer Tawa Masala,Ready To Cook,$3.28,177.94,45g
Rasoi Magic Dal Makhani,Ready To Cook,$3.28,177.94,50g
Rasoi Magic Pav Bhaji Mix,Ready To Cook,$3.28,177.94,55g
Tit Bit Manchow Soup,Ready To Cook,$1.96,106.33,50g
Mother's Recipe Paneer Tikka,Ready To Cook,$2.53,137.25,60g
Rasoi Magic NONG - Paneer Tikka Masala,Ready To Cook,$3.28,177.94,45g
Rasoi Magic NONG - Veg Kolhapuri,Ready To Cook,$3.28,177.94,50g
R&​R Soup - Jain - Palak Drumsticks,Ready To Cook,$2.73,148.1,40g
Rasoi Magic NONG - Veg Kadhai,Ready To Cook,$3.28,177.94,45g
Uttam Falooda Mix - Rose,Instant Mix,$2.61,141.59,200g
Uttam Falooda Mix - Pista,Instant Mix,$2.61,141.59,200g
Uttam Falooda Mix - Strawberry,Instant Mix,$2.61,141.59,200g
Kings Falooda Mix - Raspberry,Instant Mix,"was $1.99


$1.49",107.96,100g
Gits Khaman Dhokla Mix,Instant Mix,$3.92,212.66,500g
Mtr Rava Idli,Instant Mix,$3.54,192.04,500g
Mtr Rava Idli,Instant Mix,$5.09,276.13,1kg
Mtr Upma Mix,Instant Mix,$3.24,175.77,200g
Gits Handvo,Instant Mix,$3.92,212.66,500g
Mtr Dosai,Instant Mix,$5.59,303.26,1kg
Mtr Rice Idli,Instant Mix,$5.67,307.6,1kg
Gits Khatta Dhokla Mix,Instant Mix,$3.93,213.2,500g
Mtr Rava Dosa,Instant Mix,$3.03,164.38,500g
Gits Upma Mix,Instant Mix,$3.93,213.2,500g
Talod Instant Nylon Khaman Mix,Instant Mix,$4.29,232.73,500g
Gits Gulab Jamun,Instant Mix,$7.69,417.18,500g
Gits Khatta Dhokla Mix,Instant Mix,$6.91,374.87,1kg
Gits Khaman Nylon,Instant Mix,$4.21,228.39,500g
Gits Rava Idli,Instant Mix,$3.93,213.2,500g
Gits Khaman Dhokla Mix,Instant Mix,$6.88,373.24,1kg
Mtr Dosai Mix,Instant Mix,$3.55,192.59,500g
Talod Instant Handwa Mix,Instant Mix,$4.29,232.73,500g
Mtr Badam Drink Mix,Instant Mix,$9.29,503.98,500g
Gits Rice Idli Mix,Instant Mix,$7.64,414.47,1kg
Mtr Sambar Mix,Instant Mix,$3.23,175.23,200g
Gits Rice Idli,Instant Mix,$3.92,212.66,500g
Gits Dahi Vada,Instant Mix,$4.81,260.94,500g
Gits Rava Dosai Mix,Instant Mix,$3.93,213.2,500g
Mtr Uttappam,Instant Mix,$3.54,192.04,500g
Gits Dosai Mix,Instant Mix,$6.91,374.87,1kg
Gits Uttappam,Instant Mix,$3.79,205.61,500g
Mtr Vada Instant Mix,Instant Mix,$4.18,226.76,500g
Talod Instant Dhokla Mix,Instant Mix,$4.50,244.12,500g
Ahmed Custard Powder - Vanila,Instant Mix,$2.62,142.14,285g
Gits Jilebi Mix With Maker,Instant Mix,$2.39,129.66,100g
Gits Dosai,Instant Mix,$3.53,191.5,500g
Gits Sambhar Mix,Instant Mix,$1.97,106.87,200g
Brahmins Rice Powder,Instant Mix,$5.02,272.33,1kg
MTR Breakfast Cup Vegetable Upma,Instant Mix,$2.92,158.41,80g
Gits Moong Dal Vada,Instant Mix,$4.81,260.94,500g
Mother's Poha Instant Mix,Instant Mix,$2.40,130.2,180g
Gits Dahi Vadai Mix,Instant Mix,$8.03,435.63,1kg
MTR Breakfast Cup Magic Masala Upma,Instant Mix,$2.92,158.41,80g
MTR Breakfast Cup Poha Khatta Meetha,Instant Mix,$2.92,158.41,80g
Gajanand Nylon Khaman,Instant Mix,"was $3.49


$2.49",189.33,500g
Ahmed Rabri Falooda,Instant Mix,$3.74,202.9,200g
Mother's Recipe Upma Instant Mix,Instant Mix,$2.24,121.52,180g
Tops Gulab Jamun Mix,Instant Mix,$7.58,411.22,500g
L G Asafoetida (​Hing),Spice Mixes / Masala,$2.99,162.21,50g
Everest Chat Masala,Spice Mixes / Masala,$2.69,145.93,100g
Everest Pav Bhaji Masala,Spice Mixes / Masala,$2.50,135.62,100g
Everest Garam Masala,Spice Mixes / Masala,$2.82,152.98,100g
Everest Sambhar Masala,Spice Mixes / Masala,$2.46,133.45,100g
Mdh Amchur Powder,Spice Mixes / Masala,$2.71,147.02,100gm
Mdh Chunky Chat Masala,Spice Mixes / Masala,$2.71,147.02,100gm
Everest Kashmirilal,Spice Mixes / Masala,$3.70,200.73,100g
Everest Chhole Masala,Spice Mixes / Masala,$2.50,135.62,100g
L G Asafoetida (​Hing),Spice Mixes / Masala,$4.99,270.71,100g
Mdh Kitchen King Masala,Spice Mixes / Masala,$2.71,147.02,100gm
Everest Kitchen King Masala,Spice Mixes / Masala,$2.59,140.51,100g
Mdh Garam Masala,Spice Mixes / Masala,$2.99,162.21,100gm
Everest Chicken Masala,Spice Mixes / Masala,$2.99,162.21,100g
Everest Asafoetida (​Hing) Yellow,Spice Mixes / Masala,$7.35,398.74,100g
Mdh Chana Masala,Spice Mixes / Masala,$2.71,147.02,100gm
Mdh Deggi Mirch,Spice Mixes / Masala,$2.74,148.65,100gm
Mdh Pav Bhaji Masala,Spice Mixes / Masala,$2.82,152.98,100gm
Shan Biryani Masala Mix,Spice Mixes / Masala,$2.03,110.13,50g
Everest Tea Masala,Spice Mixes / Masala,$3.66,198.56,100g
Everest Rajma Masala,Spice Mixes / Masala,$2.62,142.14,100g
Everest Asafoetida (​Hing) Yellow,Spice Mixes / Masala,$3.66,198.56,50g
Mdh Kashmiri Mirch,Spice Mixes / Masala,$2.74,148.65,100gm
Mdh Sambhar Masala,Spice Mixes / Masala,$2.74,148.65,100gm
Shan Tandoori Masala,Spice Mixes / Masala,$2.03,110.13,50g
Everest Shahi Biryani Masala,Spice Mixes / Masala,$2.40,130.2,50g
Mangal Anardana Powder,Spice Mixes / Masala,$3.37,182.82,100g
Everest Tikhalal Chilli Pwd,Spice Mixes / Masala,$4.12,223.51,200g
Shan Bombay Biryani Mix,Spice Mixes / Masala,$2.03,110.13,65g
Mangal Chat Masala,Spice Mixes / Masala,$1.87,101.45,100g
Mdh Rajmah Masala,Spice Mixes / Masala,$2.78,150.82,100gm
Everest Sabji Masala,Spice Mixes / Masala,$2.40,130.2,100g
Shan Chaat Masala,Spice Mixes / Masala,$2.03,110.13,100g
Everest Ginger Dry,Spice Mixes / Masala,$2.82,152.98,100g
Shan Chicken Biryani,Spice Mixes / Masala,$2.03,110.13,60g
Everest Shahi Paneer,Spice Mixes / Masala,$3.13,169.8,100g
Shan Chicken Masala Mix,Spice Mixes / Masala,$2.03,110.13,50g
Everest Meat Masala,Spice Mixes / Masala,$2.78,150.82,100g
Everest Tikhalal Chilli Powder,Spice Mixes / Masala,$10.15,550.64,500g
Everest Tea Masala,Spice Mixes / Masala,$2.08,112.84,50g
Mast Tea (​Chai) Masala,Spice Mixes / Masala,"was $2.83


$1.99",153.53,100g
Shan Meat Masala,Spice Mixes / Masala,$2.03,110.13,100g
Mdh Chicken Curry Masala,Spice Mixes / Masala,$2.99,162.21,100gm
Mdh Dal Makhani Masala,Spice Mixes / Masala,$2.78,150.82,100gm
Shan Chicken Tikka,Spice Mixes / Masala,$2.03,110.13,50g
L G Asafoetida (​Hing),Spice Mixes / Masala,$24.00,1302.0,500g
Everest Tandoori Chicken Msl,Spice Mixes / Masala,$2.78,150.82,100g
Everest Hing Raj,Spice Mixes / Masala,$4.18,226.76,50g
Tata Salt - Export Pk,Spices,$1.48,80.29,1kg
Mother's Pride Cumin Seeds,Spices,$5.73,310.85,200g
Mother's Pride Ajwain Seeds,Spices,$2.38,129.11,100g
Mother's Pride Mustard Seed Medium,Spices,$1.65,89.51,200g
Mother's Pride Turmeric Powder,Spices,$2.49,135.08,200g
Mother's Pride Coriander Powder,Spices,$1.36,73.78,200g
Tata Salt Lite,Spices,$2.19,118.81,1kg
Saurbhi Coriander Seeds,Spices,$5.46,296.2,500g
Mother's Pride Fenugreek Seeds,Spices,$3.95,214.29,500g
Saurbhi Turmeric Powder,Spices,$2.46,133.45,200g
Mother's Pride Coriander Powder,Spices,$2.85,154.61,500g
Mothe's Pride Cumin Seeds,Spices,$2.95,160.04,100g
Mother's Pride Cumin Seeds,Spices,$14.08,763.84,500g
Mother's Pride Turmeric Powder,Spices,$5.38,291.86,500g
Mother's Pride Black Pepper Whole,Spices,$3.63,196.93,100g
Mother's Pride Amchur Powder,Spices,$2.18,118.27,200g
Saurbhi Cinnamon Bark,Spices,$2.24,121.52,100g
Uttam Chilli Whole Stemless,Spices,$2.95,160.04,100g
Mtr Sambar Powder,Spices,$4.41,239.24,200g
MTR Spiced Chutney Powder,Spices,$3.53,191.5,200g
Mtr Puliogare,Spices,$4.41,239.24,200g
Saurbhi Turmeric Powder,Spices,$5.33,289.15,500g
Mother's Pride Cardemom Black,Spices,$6.53,354.25,100g
Mother's Pride Cumin Powder,Spices,$3.67,199.1,200g
Mother's Pride Chilli Powder - Regular,Spices,$2.57,139.42,200g
Mother's Pride Clove Whole,Spices,$2.35,127.49,50g
Shan Himalayan Pink Salt,Spices,$4.42,239.78,800g
Saurbhi Shah Jeera,Spices,$2.47,134.0,50g
Mother's Pride Cumin Seeds,Spices,$25.69,1393.68,1kg
Saurbhi Fenugreek Seed,Spices,$1.64,88.97,200g
Mother's Pride Clove Whole,Spices,$4.49,243.58,100g
Saurbhi Cinnamon Swirl,Spices,$3.28,177.94,100g
Uttam Chilli Whole Hot,Spices,$5.75,311.94,200g
Black Pepper Whole - M & J,Spices,$11.08,601.09,500g
Maharaja Choice Cardemom Green Pods,Spices,$2.97,161.12,15g
Saurbhi Shah Jeera,Spices,$3.99,216.46,100g
Mother's Pride Chilli Powder - Hot,Spices,$2.85,154.61,200g
Mother's Pride Cumin & Coriander Powder,Spices,$4.40,238.7,500g
Mother's Pride Coriander Powder,Spices,$5.55,301.09,1kg
Mother's Pride Chilli Powder - Kashmiri,Spices,$12.99,704.71,500g
Saurbhi Turmeric Powder,Spices,$11.50,623.88,1kg
Gajanand Hing Strong,Spices,"was $2.99


$1.99",162.21,50g
Mother's Pride Chilli Crushed,Spices,$3.24,175.77,200g
Saurbhi Star Aniseed (​Badiyan),Spices,$5.09,276.13,100g
Mtr Rasam Powder,Spices,$4.41,239.24,200g
Mother's Pride Chilli Whole With Stick,Spices,$4.61,250.09,200g
Bansari Tamarind Seedless,Spices,$2.09,113.38,250g
Mother's Pride Chilli Powder - Regular,Spices,$6.16,334.18,500g
Bansari Juwar Flour - Frozen,Flours,"was $5.99


$4.99",324.96,908g
Bansari Bajara Flour - Frozen,Flours,"was $5.49


$4.99",297.83,908g
Grewal Besan Flour,Flours,$4.32,234.36,1kg
Mother's Pride Semolina Coarse,Flours,$2.65,143.76,1kg
Mother's Pride Semolina Fine,Flours,$3.19,173.06,1kg
Mother's Pride Semolina Roasted,Flours,$3.79,205.61,1kg
Pattu Flour - Besan,Flours,$3.61,195.84,800g
Grewal Besan Flour,Flours,$8.32,451.36,2kg
Grewal Makki Flour,Flours,$4.05,219.71,1kg
Saurbhi Flour - Besan Fine,Flours,$4.70,254.98,908g
Grewal Besan Flour,Flours,$16.18,877.76,5kg
Priya Idli Rava,Flours,$4.32,234.36,1kg
Pattu Flour - Besan,Flours,$2.84,154.07,800g
Bansari Semolina Fine,Flours,$3.27,177.4,908g
Uttam Flour - Besan,Flours,$4.08,221.34,900g
Saurbhi Sooji (​Semolina) Kesar,Flours,$4.71,255.52,908g
Priya Idli Rava,Flours,$7.54,409.04,2kg
Mother's Pride Flour - Dhokla,Flours,$1.78,96.56,500g
Mother's Pride Flour - Handwa,Flours,"was $3.99


$2.49",216.46,1kg
Saurbhi Flour - Plain(​Maida)​,Flours,$3.96,214.83,908g
Grewal Makki Flour,Flours,$7.38,400.36,2kg
Saurbhi Flour - Sattu,Flours,$7.46,404.7,908g
Saurbhi Flour - Besan Fine Premium,Flours,$4.71,255.52,908g
Telugu Upma Rava,Flours,$5.81,315.19,908g
Grewal Ladoo Besan,Flours,$4.32,234.36,1kg
Brahmins Puttu Podi,Flours,$5.37,291.32,1kg
Mother's Pride Flour - Farali,Flours,$2.66,144.3,500g
Saurbhi Lapsi Fada Coarse,Flours,$4.67,253.35,908g
Manna Ragi Flour Sprouted,Flours,$7.07,383.55,1kg
Mother's Pride Flour - Farali,Flours,$4.87,264.2,1kg
Bansari Flour - Juwar,Flours,$3.72,201.81,908g
Manna Ragi Flour Plain,Flours,$4.24,230.02,1kg
Saurbhi Lapsi Fada - Coarse,Flours,$2.47,134.0,454g
Viya Bhakhri Flour,Flours,$3.83,207.78,908g
Grewal Makki Flour,Flours,$15.81,857.69,5kg
Spark Flour - Bajra,Flours,$2.95,160.04,908g
Telugu Idli Rava,Flours,$3.92,212.66,1kg
Bansari Flour - Idli Rava,Flours,$2.58,139.96,908g
Brahmins Chemba Puttu Podi,Flours,$5.92,321.16,1kg
Mother's Pride Flour - Soya,Flours,$4.73,256.6,1kg
Saurbhi Flour - Bhakhri (​Wheat Flour Coarse) 1.​,Flours,$10.21,553.89,816kg
Brahmins Appam/​Idiyappam Podi,Flours,$5.48,297.29,1kg
Saurbhi Flour - Ladu,Flours,$6.03,327.13,908g
Grand Ma's Semolina Roasted,Flours,$5.48,297.29,1kg
Saurbhi Lapsi Fada - Fine,Flours,$2.47,134.0,454g
Saurbhi Flour - Wheat,Flours,$3.83,207.78,908g
Mother's Pride Flour - Bhakhari Coarse (​Wheat Flour Coarse),Flours,$15.99,867.46,5kg
Aithra Jaggery Powder,Jaggery,$5.36,290.78,1kg
Aithra Jaggery Powder,Jaggery,$2.71,147.02,500g
Mother's Pride Jaggery Kolhapuri,Jaggery,$3.99,216.46,1kg
Aithra Jaggery Round,Jaggery,$5.36,290.78,1kg
Aithra Jaggery Powder Natural,Jaggery,$4.86,263.66,800g
Krutika Natural Jaggery Best Before - 31/​01/​2024,Jaggery,$4.29,232.73,900g
Aithra Jaggery Round,Jaggery,$2.71,147.02,500g
Viya Kolhapuri Jaggery Cubes,Jaggery,$3.51,190.42,1kg
Aithra Jaggery Cubes,Jaggery,$2.86,155.16,500g
Mother's Pride Punjabi Masala Pesi Gur,Jaggery,"was $5.49


$4.99",297.83,908g
Mother's Pride Shakkar Natural,Jaggery,"was $4.99


$3.99",270.71,908g
Mother's Pride Punjabi Shakkar,Jaggery,"was $5.49


$4.99",297.83,908g
Saurbhi Jaggery Kolhapuri 4.​,Jaggery,$16.40,889.7,5 kg
Mother's Pride Jaggery Natural,Jaggery,$17.49,948.83,5kg
Mother's Pride South Indian Natural Jaggery Cubes,Jaggery,"was $2.99


$2.49",162.21,500g
Mt Jaggery Powder Dark,Jaggery,$6.21,336.89,1kg
Aithra Jaggery Cubes,Jaggery,$5.57,302.17,1kg
Malabar Treats Jaggery Round,Jaggery,$3.21,174.14,500g
Namo Kolhapuri Jaggery Cubes,Jaggery,$5.36,290.78,1kg
Malabar Treats Jaggery Powder,Jaggery,$6.21,336.89,1kg
Mother's Pride South Indian Natural Jaggery Cubes,Jaggery,"was $5.49


$4.99",297.83,1kg
Saurbhi Jaggery Natural 4.​,Jaggery,$17.58,953.71,5kg
Golden Temple Masala Gur,Jaggery,$6.00,325.5,900g
Malabar Treats Jaggery Round Brown,Jaggery,$5.99,324.96,1kg
Mother's Pride Palm Jaggery Cube (​Dark),Jaggery,"was $8.49


$6.99",460.58,500g
Mother's Pride Palm Jaggery Powder,Jaggery,$4.51,244.67,200g
Mother's Pride Palm Jaggery Cube (​Dark),Jaggery,"was $14.99


$12.99",813.21,1kg
Aithra Jaggery Powder Natural,Jaggery,$5.57,302.17,1kg
Pantiac Coconut Sugar,Jaggery,$3.71,201.27,500g
Royal Gold Patasa,Jaggery,$4.11,222.97,300g
Gajanand Kolhapuri Jaggery,Jaggery,$16.63,902.18,5kg
Thulasi Old Karuppati Jaggery,Jaggery,$8.21,445.39,400g
Mother's Pride Coconut Jaggery Powder,Jaggery,"was $9.99


$8.99",541.96,500g
Spark Brown Jaggery,Jaggery,$4.24,230.02,1kg
Moth/​Pride Gur Rewari,Jaggery,$5.49,297.83,400g
Mother's Pride South Indian Natural Jaggery Balls,Jaggery,$3.15,170.89,500g
Thulasi Palm Sugar,Jaggery,$5.00,271.25,200g
Indya Makki Atta 4.​,Jaggery,$11.85,642.86,54kg
Indya Punjabi Shakkar,Jaggery,$10.95,594.04,2kg
Mayil Jaggery Ball,Jaggery,$5.13,278.3,1kg
Moth/​Pride Sugar Rewari,Jaggery,$4.99,270.71,400g
Uttam Jaggery White 1.​,Jaggery,$7.33,397.65,7kg
Mother's Pride Poha Medium,Poha & Mamara,$3.14,170.34,1kg
Mother's Pride Mamara Kolhapuri,Poha & Mamara,$7.99,433.46,1kg
PG Mamra Basmati,Poha & Mamara,$2.28,123.69,400g
Bansari Poha Thin,Poha & Mamara,$2.05,111.21,400g
Guru Phool Makhana,Poha & Mamara,$16.20,878.85,400g
Uttam Poha Thick,Poha & Mamara,$3.13,169.8,1kg
Bansari Poha Thin,Poha & Mamara,$3.18,172.52,800g
Bansari Corn Ball,Poha & Mamara,$2.49,135.08,300g
Shapla Puffed Rice,Poha & Mamara,$4.50,244.12,500g
Jaipur Basmati Mamra,Poha & Mamara,$2.61,141.59,400g
Satva Wheat Mamra,Poha & Mamara,$3.25,176.31,200g
Telugu Puffed Rice,Poha & Mamara,$8.24,447.02,1kg
Shapla Puffed Rice,Poha & Mamara,$2.40,130.2,250g
Telugu Poha Medium,Poha & Mamara,$2.22,120.44,500g
Bansari Juwar Ball,Poha & Mamara,$3.01,163.29,300g
Bansari Ragi Ball,Poha & Mamara,$4.49,243.58,454g
Pg Mamra Basmati,Poha & Mamara,$5.49,297.83,800g
Pg Mamra Kolhapuri,Poha & Mamara,$4.99,270.71,800g
Grandma's Pappad,Poha & Mamara,$2.44,132.37,250g
Gajanand Basmati Mamara,Poha & Mamara,$5.23,283.73,908g
Spark Poha Thick,Poha & Mamara,$1.95,105.79,500g
Telugu Poha Medium,Poha & Mamara,$4.03,218.63,908g
Bansi Poha Medium,Poha & Mamara,$3.66,198.56,907g
Bansari Mamara Surti,Poha & Mamara,$4.49,243.58,454g
Estern Rice Flakes,Poha & Mamara,$3.01,163.29,500g
Devfood Surti Mamra,Poha & Mamara,$3.15,170.89,400g
Roast Jowar - Indian Spices,Poha & Mamara,$3.29,178.48,70g
Gajanand Basmati Mamara,Poha & Mamara,$2.92,158.41,400g
Gajanand Poha Corn,Poha & Mamara,$2.10,113.93,400g
Brahmins Red Rice Flakes,Poha & Mamara,$3.60,195.3,500g
Roast Jowar - Peri Peri,Poha & Mamara,$3.29,178.48,70g
Uttam Poha Thick,Poha & Mamara,$1.96,106.33,500g
Roast Jowar - Tomato,Poha & Mamara,$3.29,178.48,70g
Bansari Ragi Ball,Poha & Mamara,$4.49,243.58,454g
Roast Jowar - Cheese & Herbs,Poha & Mamara,$3.29,178.48,70g
Roast Jowar - Cheesy Jalapeno,Poha & Mamara,$3.29,178.48,70g
Pachranga Pickle - Pachranga Mix,Pickles,$16.00,868.0,5kg
Mother's Recipe Pickle Mango Hot,Pickles,$5.48,297.29,500g
Mother's Recipe Pickle Mixed,Pickles,$5.48,297.29,500g
Mother's Recipe Pickle - Punjabi Mango,Pickles,$5.48,297.29,500g
Priya Pickle - Mango Avakaya With Garlic,Pickles,$2.68,145.39,300g
Priya Paste - Tamarind,Pickles,$3.06,166.0,300g
Ahmed Mango Pickle Extra Hot in Oil,Pickles,$6.58,356.96,1kg
Tamicon Tamarind Concentrate,Pickles,$4.90,265.83,454g
Mother's Stuff Green Chili,Pickles,$2.90,157.32,200g
Priya Pickle - Gongura Red Chilli With Garlic,Pickles,$3.57,193.67,300g
Priya Pickle - Mango Thokku With Garlic,Pickles,$2.68,145.39,300g
Pattu Bombay Sandwich Chutney,Pickles,$4.47,242.5,280g
Priya Pickle - Garlic,Pickles,$2.68,145.39,300g
Priya Pickle - Cut Mango Without Garlic,Pickles,$2.68,145.39,300g
Priya Pickle - Cut Mango With Garlic,Pickles,$2.68,145.39,300g
Priya Pickle - Gongura With Garlic,Pickles,$2.68,145.39,300g
Priya Pickle - Mango Thokku Without Garlic,Pickles,$2.68,145.39,300g
Ahmed Mixed Pickle In Oil - Hot,Pickles,$6.58,356.96,1kg
Mother's Recipe Pickle - Stuffed Red Chilli,Pickles,$5.48,297.29,500g
Priya Pickle - Lime Without Garlic,Pickles,$2.68,145.39,300g
Priya Pickle - Amla With Garlic,Pickles,$2.68,145.39,300g
Priya Pickle - Tomato With Garlic,Pickles,$2.68,145.39,300g
Ashoka Pickle - Mix,Pickles,"was $4.63


$3.69",251.18,500g
Ashoka Pickle - Mango Hot,Pickles,"was $4.63


$3.69",251.18,500g
Mother's Recipe Pickle Carrot & Chilli,Pickles,$5.48,297.29,500g
Pachranga Pickle - Mango Unpeeled,Pickles,$5.99,324.96,800g
Telugu Pickle-Mango Avakaya,Pickles,$2.90,157.32,300g
Ashoka Pickle - Chunddo,Pickles,"was $4.63


$3.69",251.18,500G
Mother's Recipe Pickle Mango & Chilli,Pickles,$5.48,297.29,500g
Pattu Chutney - Samosa,Pickles,$4.42,239.78,360g
Mother's Recipe Panjabi Pickle Pachranga,Pickles,$5.48,297.29,500g
Mother's Tamarind Paste,Pickles,$4.12,223.51,320g
Priya Pickle - Mango Avakaya Without Garlic,Pickles,$2.68,145.39,300g
Ahmed Chilli Pkl In Oil,Pickles,$8.06,437.26,1kg
Mother's Recipe Rajst Sweet Lime,Pickles,$5.48,297.29,575g
Mother's Recipe Pickle Lime & Chilli,Pickles,$5.48,297.29,500g
Ashoka Pkl - Mango Mild,Pickles,"was $4.63


$3.69",251.18,500g
Mother's Recipe Lime Pickle Mild,Pickles,$5.48,297.29,500g
Telugu Pickle - Cut Mango With Garlic,Pickles,$2.90,157.32,300g
Ashoka Pickle - Chilli,Pickles,"was $4.63


$3.69",251.18,480g
Mother's Recipe Pickle Gujarati Gorkeri,Pickles,$5.18,281.02,575g
Patanjali Amla Murabba 500,Pickles,$5.29,286.98,500g
Deep Pickle - Green Chilli,Pickles,$4.60,249.55,283g
Priya Pickle - Lime With Garlic,Pickles,$2.68,145.39,300g
Deep Pickle - Amba Haldar,Pickles,$7.33,397.65,655g
Priya Pickle - Mango Ginger With Garlic,Pickles,$2.68,145.39,300g
Priya Pickle -Tender ( Vadu ) Mango,Pickles,$3.09,167.63,300g
Telugu Pickle - Mango Thokku With Garlic,Pickles,$2.90,157.32,300g
Pattu Paste - Garlic,"Chutney, Paste & Sauces",$7.05,382.46,1kg
Pattu Paste - Ginger,"Chutney, Paste & Sauces",$7.56,410.13,1kg
Gujjuben Theekha Meetha Pani,"Chutney, Paste & Sauces",$6.99,379.21,750ml
Winn Sauce Red Chilli,"Chutney, Paste & Sauces",$2.34,126.94,200ml
Gujjuben Teekha Pani,"Chutney, Paste & Sauces",$6.99,379.21,750ml
Ching's Chutney - Schezwan,"Chutney, Paste & Sauces",$4.05,219.71,250g
Pattu Paste - Ginger & Garlic,"Chutney, Paste & Sauces","was $6.58


$4.99",356.96,1kg
Ching's Green Chilli Sauce,"Chutney, Paste & Sauces",$3.04,164.92,190g
Ching's Dark Soya Sauce,"Chutney, Paste & Sauces",$2.35,127.49,210g
Auspice Garlic & Ginger Crushed,"Chutney, Paste & Sauces",$6.60,358.05,1kg
Ching's Red Chilli Sauce,"Chutney, Paste & Sauces",$3.04,164.92,200g
Maggi Hot & Sweet Sauce,"Chutney, Paste & Sauces",$4.16,225.68,500g
Ching's Green Chilli Sauce,"Chutney, Paste & Sauces",$4.19,227.31,680g
Ching's Schezwan Stir Fry Sauce,"Chutney, Paste & Sauces",$4.05,219.71,250g
Mother's Recipe Recipe Ginger & Garlic Paste,"Chutney, Paste & Sauces",$7.04,381.92,1kg
Ching's Dark Soy Sauce,"Chutney, Paste & Sauces",$3.04,164.92,750g
Pattu Chutney - Date & Tamarind,"Chutney, Paste & Sauces",$4.38,237.61,330g
Kissan Mix Fruit Jam,"Chutney, Paste & Sauces",$5.73,310.85,500g
Ching's Red Chilli Sauce,"Chutney, Paste & Sauces",$4.60,249.55,680g
Sabrini Chutney - Coriander & Mint,"Chutney, Paste & Sauces",$4.38,237.61,310g
Sabrini Chutney - Date & Tamarind,"Chutney, Paste & Sauces",$4.38,237.61,330g
Auspice Ginger Paste,"Chutney, Paste & Sauces",$6.60,358.05,1kg
Pattu Chutney - Desi,"Chutney, Paste & Sauces",$4.38,237.61,280g
Ching's Chilli Vinegare,"Chutney, Paste & Sauces",$3.35,181.74,170g
Auspice Crsh Garlic Ginger,"Chutney, Paste & Sauces",$3.44,186.62,375g
Auspice Garlic crushed,"Chutney, Paste & Sauces",$6.60,358.05,1kg
Induben Green Chilli,"Chutney, Paste & Sauces",$3.14,170.34,200g
Pattu Paste Ginger & Garlic,"Chutney, Paste & Sauces",$3.56,193.13,350g
Pattu Chutney - Mint,"Chutney, Paste & Sauces",$4.38,237.61,280g
Tamicon Tamarind Concentrate,"Chutney, Paste & Sauces",$2.75,149.19,227g
Ching's Schezwan Chutney Best Before - 30/​02/​2024,"Chutney, Paste & Sauces",$8.56,464.38,1kg
Pattu Chutney - Green Chilli,"Chutney, Paste & Sauces",$4.38,237.61,280g
Maggi Rich Tomato Sauce,"Chutney, Paste & Sauces",$5.67,307.6,500g
Mother's Chutney - Coriander,"Chutney, Paste & Sauces",$5.77,313.02,250g
Sabrini Chutney - Hot Chilli Garlic,"Chutney, Paste & Sauces",$4.38,237.61,280g
Sabrini Garlic Ginger Paste,"Chutney, Paste & Sauces","was $6.58


$4.99",356.96,800g
Saurbhi Sauce - Schezwan,"Chutney, Paste & Sauces",$2.36,128.03,220g
Sabrini Chutney - Desi Green Chilli,"Chutney, Paste & Sauces",$4.38,237.61,280g
Ching's Sriracha Green Chilli,"Chutney, Paste & Sauces",$1.82,98.74,190g
Mother's Chutney - Bombay Sandwitch,"Chutney, Paste & Sauces",$5.77,313.02,250g
Sabrini Chutney - Mint,"Chutney, Paste & Sauces",$4.38,237.61,310g
Auspice Garlic Paste,"Chutney, Paste & Sauces",$3.44,186.62,375g
Jaipur Chutney-Coriander Chilli,"Chutney, Paste & Sauces",$3.78,205.06,400gm
Mother's Recipe Garlic Paste,"Chutney, Paste & Sauces","was $7.04


$4.49",381.92,1kg
Mother's Chutney - Panipuri,"Chutney, Paste & Sauces",$4.67,253.35,350g
Saurbhi Chutney - Bombay Sandwich Spread,"Chutney, Paste & Sauces",$2.24,121.52,220g
Saurbhi Chutney - Delhi Chaat,"Chutney, Paste & Sauces",$2.36,128.03,240g
Mother's Chutney - Bhelpuri,"Chutney, Paste & Sauces",$4.67,253.35,370g
Lijjat Plain Udad Papad Best Before - 31/​03/​2024,"Khakhara, Papad & Fryums","was $1.99


$0.99",107.96,200g
Shanta G Khakhra Round - Methi,"Khakhara, Papad & Fryums",$2.49,135.08,200g
Shanta G Khakhra Round - Masala,"Khakhara, Papad & Fryums",$2.49,135.08,200g
"Aithra Papads 4""","Khakhara, Papad & Fryums",$1.99,107.96,200g
Shanta G Khakhra Round - Jeera,"Khakhara, Papad & Fryums",$2.49,135.08,200g
Lijjat Sindhi Masala Papad,"Khakhara, Papad & Fryums",$2.43,131.83,200g
Mother's Pride Fryums - Star,"Khakhara, Papad & Fryums","was $2.08


$0.99",112.84,200g
Lijjat Garlic Papad,"Khakhara, Papad & Fryums",$1.95,105.79,200g
Shanta G Khakhra Round - Chatpata,"Khakhara, Papad & Fryums",$2.49,135.08,200g
Shanta G Khakhra Round - Plain,"Khakhara, Papad & Fryums",$2.49,135.08,200g
Lijjat Green Chilli Papad,"Khakhara, Papad & Fryums",$1.95,105.79,200g
Mother's Sabudana Papad,"Khakhara, Papad & Fryums",$1.93,104.7,90g
Yash Papad Single Black Pepper,"Khakhara, Papad & Fryums",$2.81,152.44,200g
Shanta G Khakhra Round - Moong,"Khakhara, Papad & Fryums",$2.49,135.08,200g
Shanta G Khakhra Round - Gol Gappa,"Khakhara, Papad & Fryums",$2.49,135.08,200g
Haldiram's Papad Bikaneri,"Khakhara, Papad & Fryums",$8.20,444.85,1kg
Shanta G Khakhra Round - Garlic (​Lasun),"Khakhara, Papad & Fryums",$2.49,135.08,200g
Haldiram's Papad Punjabi,"Khakhara, Papad & Fryums",$8.20,444.85,1kg
Mother's Pride Fryums - Pipe Long Color,"Khakhara, Papad & Fryums","was $2.08


$0.99",112.84,200g
Saurbhi Panipuri Unfried,"Khakhara, Papad & Fryums",$2.79,151.36,230g
Yash Punjabi Papad,"Khakhara, Papad & Fryums",$2.81,152.44,200g
Saurbhi Khichiya Jeera,"Khakhara, Papad & Fryums",$5.43,294.58,500g
Shanta G Khakhra Round - Manchurian,"Khakhara, Papad & Fryums",$2.49,135.08,200g
Yash Papad Cumin Black Pepper,"Khakhara, Papad & Fryums",$2.81,152.44,200g
Saurbhi Khakhara - Methi,"Khakhara, Papad & Fryums",$4.49,243.58,200g
Shanta G Khakhra Round - Cheeze,"Khakhara, Papad & Fryums",$2.49,135.08,200g
Shanta G Khakhra Round - Sandwich,"Khakhara, Papad & Fryums",$2.49,135.08,200g
Shanta G Khakhra Round - Punjabi,"Khakhara, Papad & Fryums",$2.49,135.08,200g
Deep Khakhara - Bajri Dhebra,"Khakhara, Papad & Fryums",$2.99,162.21,200g
Shanta G Khakhra Wheat Thins - Methi Mania,"Khakhara, Papad & Fryums",$2.99,162.21,150g
Saurbhi Khakhara - Masala,"Khakhara, Papad & Fryums",$4.49,243.58,200g
Yash Papad Plain,"Khakhara, Papad & Fryums",$2.81,152.44,200g
Yash Papad Dubble Black Pepper,"Khakhara, Papad & Fryums",$3.03,164.38,200g
Induben Khakra - Bajri & Methi,"Khakhara, Papad & Fryums",$2.99,162.21,200g
Deep Khakhara - Masala,"Khakhara, Papad & Fryums",$2.99,162.21,200g
Deep Khakhara - Jeera,"Khakhara, Papad & Fryums",$2.99,162.21,200g
Deep Bhakri - Coriander & Chili,"Khakhara, Papad & Fryums",$3.75,203.44,200g
Deep Khakhara - Original,"Khakhara, Papad & Fryums",$2.99,162.21,200g
Induben Khakhara -Methi,"Khakhara, Papad & Fryums",$2.99,162.21,200g
Induben Khakra - Raagi,"Khakhara, Papad & Fryums",$2.99,162.21,200g
Bansari Unfried Panipuri,"Khakhara, Papad & Fryums",$2.08,112.84,200g
Mother's Chana Masala Papad,"Khakhara, Papad & Fryums",$2.98,161.66,200g
Induben Khakhara - Achar Masala,"Khakhara, Papad & Fryums",$2.99,162.21,200g
Saurbhi Khichiya Chilli,"Khakhara, Papad & Fryums",$5.75,311.94,500g
Induben Khakhara - Jeera,"Khakhara, Papad & Fryums",$2.99,162.21,200g
Induben Khakhara - Masala,"Khakhara, Papad & Fryums",$2.99,162.21,200g
Shanta G Bhakhri - Coriander Chilli,"Khakhara, Papad & Fryums",$2.99,162.21,200g
Shanta G Bhakhri - Methi,"Khakhara, Papad & Fryums",$2.99,162.21,200g
Maggi Masala Noodels NONG,Noodles,$0.86,46.66,70g
Maggi Masala Noodels - 8pk,Noodles,"was $4.99


$3.99",270.71,560g
CHING'S just soak HAKKA VEG NOODLES,Noodles,$4.99,270.71,560g
Maggi Masala Noodels - 6pk,Noodles,$3.19,173.06,420g
Maggi Masala Noodels,Noodles,"was $4.99


$3.99",270.71,560g
Maggi Masala E Magic X 12pk,Noodles,$4.99,270.71,6g
Maggi Masala Noodels,Noodles,"was $4.99


$3.99",270.71,560g
Maggi Cuppa - Masala 70.​,Noodles,"was $2.99


$1.99",162.21,5g
Maggi Noodles - Curry Flavour x 5pk(​),Noodles,$4.79,259.86,80g
Monika Chinese Noodles,Noodles,$2.35,127.49,225gm
Yu Chilli Manchurian Noodles,Noodles,$1.99,107.96,70g
Maggi Masala Noodels,Noodles,"was $4.99


$3.99",270.71,560g
Maggi Noodles - Chicken Flavour 5 * (​),Noodles,$4.79,259.86,80g
Patanjali Noodles Atta Cls,Noodles,$2.14,116.1,240g
Maggi Veg Atta Noodles,Noodles,$3.86,209.4,290g
Yippee Noodles,Noodles,$3.79,205.61,420g
Maggi Cuppa - Chilly Chow,Noodles,$1.99,107.96,70g
Maggi Veg Atta Noodels,Noodles,$3.59,194.76,290g
Maggi Masala E Magic X 12pk,Noodles,$4.99,270.71,6g
Maggi Pazzta - Masala Penne,Noodles,"was $1.99


$1.49",107.96,65g
Yu Creamy Tomato Basil Pasta,Noodles,$1.99,107.96,60g
Yu Peri Peri Pasta,Noodles,$1.99,107.96,60g
Yu Zingy Cheese Noodles,Noodles,$1.99,107.96,70g
Maggi Masala Noodels,Noodles,$3.19,173.06,420g
Maggi Masala Noodels,Noodles,"was $4.99


$3.99",270.71,560g
Patanjali Mustard Oil,Oil & Ghee,$6.79,368.36,1ltr
Amul Ghee,Oil & Ghee,$15.99,867.46,1 Ltr
Britannia Cow Ghee,Oil & Ghee,"was $15.99


$14.99",867.46,1ltr
Sunflower Oil - Dhara,Oil & Ghee,$15.99,867.46,5ltr
Tez Mustard Oil,Oil & Ghee,$8.20,444.85,946ml
New Zealand Cow Ghee,Oil & Ghee,$17.34,940.7,800ml
Patanjali Cow's Ghee,Oil & Ghee,$16.79,910.86,905g
Grb Ghee,Oil & Ghee,$16.17,877.22,830 Ml
Appu Mustard Oil,Oil & Ghee,$6.06,328.76,1ltr
Amul Cow Ghee,Oil & Ghee,$17.28,937.44,1 Ltr
New Zealand Cow Ghee 1.​,Oil & Ghee,$33.91,1839.62,6ltr
Shuddh Ghee,Oil & Ghee,$30.18,1637.26,2 Ltr
Idhayam Sesame Oil,Oil & Ghee,$11.88,644.49,1ltr
Grb Ghee,Oil & Ghee,$10.29,558.23,500ml
Sohna Mustard Oil,Oil & Ghee,$9.38,508.87,2 Ltr
New Zealand Cow Ghee,Oil & Ghee,$77.88,4224.99,5ltr
Amul Ghee,Oil & Ghee,$31.76,1722.98,2 Ltr
Britannia Cow Ghee,Oil & Ghee,$8.99,487.71,500ml
Sunflower Oil - Miller,Oil & Ghee,$15.99,867.46,5ltr
Haldiram Ghee,Oil & Ghee,$16.99,921.71,1ltr
Saurbhi Desi Ghee,Oil & Ghee,"was $16.99


$13.99",921.71,1ltr
Pure Australian Ghee,Oil & Ghee,"was $142.00


$136.49",7703.5,10ltr
Tez Mustard Oil 1.​ - Exp,Oil & Ghee,$14.40,781.2,896ltr
Appu Groundnut Oil,Oil & Ghee,$8.44,457.87,1ltr
Seetar's Pure New Zealand Ghee,Oil & Ghee,"was $17.99


$15.99",975.96,1ltr
Tez Mustard Oil,Oil & Ghee,$32.50,1763.12,5ltr
Britannia Cow Ghee,Oil & Ghee,$29.99,1626.96,2Ltr
Seetar's Pure New Zealand Ghee,Oil & Ghee,$64.99,3525.71,5ltr
Appu Sesame Seed Oil,Oil & Ghee,$9.06,491.51,1ltr
Sunflower Oil - Saurbhi,Oil & Ghee,$7.73,419.35,2ltr
Appu Groundnut Oil,Oil & Ghee,$38.24,2074.52,5ltr
Verka Ghee,Oil & Ghee,$16.88,915.74,1ltr
Aithra Sesame Oil,Oil & Ghee,$10.94,593.5,1 Ltr
Grb Ghee - Brown,Oil & Ghee,$9.35,507.24,500ml
Guru Sunflower Oil,Oil & Ghee,$14.99,813.21,5ltr
Aithra Sesame Oil,Oil & Ghee,$21.56,1169.63,2ltr
Sunflower Oil - Miller,Oil & Ghee,$55.99,3037.46,20ltr
Appu Groundnut Oil,Oil & Ghee,$16.88,915.74,2ltr
Appu Mustard Oil,Oil & Ghee,$28.37,1539.07,5ltr
Tez Mustard Oil,Oil & Ghee,$4.19,227.31,473ml
Idhayam Sesame Oil,Oil & Ghee,$6.19,335.81,500ml
Amul Ghee,Oil & Ghee,$76.70,4160.98,5 Ltr
Canola Oil - Saurbhi,Oil & Ghee,$15.99,867.46,5ltr
Vegetable Oil - Saurbhi,Oil & Ghee,$14.88,807.24,5ltr
Appu Sesame Seed Oil,Oil & Ghee,$5.31,288.07,500ml
Appu Mustard Oil,Oil & Ghee,$3.75,203.44,500ml
Aithra Groundnut Oil,Oil & Ghee,$8.63,468.18,1ltr
Appu Sesame Seed Oil,Oil & Ghee,$18.25,990.06,2ltr
Viya Peanut Raw Vk2,Dry Fruits & Nuts,$5.60,303.8,1kg
Saurbhi Peanut,Dry Fruits & Nuts,$3.49,189.33,500gm
Peanuts Vk3 - M & J,Dry Fruits & Nuts,$6.64,360.22,1kg
Peanuts - Red Spanish - M & J,Dry Fruits & Nuts,$7.94,430.74,1kg
Saurbhi Peanut,Dry Fruits & Nuts,$6.00,325.5,1kg
Peanuts Blanched - M & J,Dry Fruits & Nuts,$6.47,351.0,1kg
Peanuts Vkj - M & J,Dry Fruits & Nuts,$6.87,372.7,1kg
Peanuts Blanched - M & J,Dry Fruits & Nuts,$3.53,191.5,500g
Dates - M & J,Dry Fruits & Nuts,$3.50,189.88,500g
Cashew Pices LP - M & J,Dry Fruits & Nuts,$3.93,213.2,250g
Peanuts Vk3 - M & J,Dry Fruits & Nuts,$3.67,199.1,500g
Peanuts - Red Spanish M & J,Dry Fruits & Nuts,$5.07,275.05,500g
Viya Peanuts Blanched,Dry Fruits & Nuts,$2.73,148.1,500g
Viya Cashew LP,Dry Fruits & Nuts,$5.71,309.77,500gm
Cashew Whole - M & J,Dry Fruits & Nuts,$5.33,289.15,250g
Cashew Whole - M & J,Dry Fruits & Nuts,$10.47,568.0,500g
Peanuts Vkj - M & J,Dry Fruits & Nuts,$3.80,206.15,500g
Cashew Whole - Saurbhi,Dry Fruits & Nuts,$9.80,531.65,500g
Almond Whole - M & J,Dry Fruits & Nuts,$8.75,474.69,500g
Bansari Sandukani Raisins,Dry Fruits & Nuts,$4.99,270.71,400g
Dates - M & J,Dry Fruits & Nuts,$2.14,116.1,250g
Almond Whole - Saurbhi,Dry Fruits & Nuts,$9.25,501.81,500g
Almond Whole - M & J,Dry Fruits & Nuts,$4.56,247.38,250g
Cashew Pices LP - M & J,Dry Fruits & Nuts,$7.00,379.75,500g
Sultana - M & J,Dry Fruits & Nuts,$2.47,134.0,250g
Pistachio - M & J,Dry Fruits & Nuts,$5.93,321.7,100g
Cashew Pices LP - M & J,Dry Fruits & Nuts,$12.87,698.2,1kg
Bansari Raisins Green,Dry Fruits & Nuts,$5.84,316.82,400g
Saurbhi Raisin,Dry Fruits & Nuts,$4.15,225.14,200g
Saurbhi Raisin Munakka,Dry Fruits & Nuts,$6.46,350.46,200g
Cashew Whole - M & J,Dry Fruits & Nuts,$19.13,1037.8,1kg
Saurbhi Cashew Lp,Dry Fruits & Nuts,$5.99,324.96,500g
Bansari Black Raisins,Dry Fruits & Nuts,$3.99,216.46,200g
Pistachio - M & J,Dry Fruits & Nuts,$13.44,729.12,250g
Sikandar - Spicy Peanuts,Dry Fruits & Nuts,$1.86,100.9,150g
Almond Silvered - M & J,Dry Fruits & Nuts,$5.29,286.98,250g
Mother's Pride Black Grapes,Dry Fruits & Nuts,$4.50,244.12,200g
Sultana - M & J,Dry Fruits & Nuts,$4.20,227.85,500g
Viya Cashew Whole,Dry Fruits & Nuts,$9.60,520.8,400gm
Viya Peanut Red Spanish,Dry Fruits & Nuts,$7.87,426.95,1kg
Bansari Sandukani Raisins,Dry Fruits & Nuts,$2.99,162.21,200g
Saurbhi Sultana,Dry Fruits & Nuts,$3.43,186.08,200g
Sikandar - Nimbo Pudina Peanut,Dry Fruits & Nuts,$1.86,100.9,150g
Almond Whole - M & J,Dry Fruits & Nuts,$16.88,915.74,1kg
Viya Almond Whole,Dry Fruits & Nuts,$8.49,460.58,500gm
Viya Cashew Whole,Dry Fruits & Nuts,$17.27,936.9,750gm
Bansari Dry Fig,Dry Fruits & Nuts,$9.73,527.85,200g
Sikandar - Black Pepper Peanut,Dry Fruits & Nuts,$1.86,100.9,150g
Tata Tea Premium,Tea & Drink Mixes,$10.99,596.21,900g
Tata Tea Gold,Tea & Drink Mixes,$12.99,704.71,900g
Wagh Bakri Tea - Pouch,Tea & Drink Mixes,$13.99,758.96,1kg
Wagh Bakri Tea (​Pet Btl),Tea & Drink Mixes,$15.63,847.93,1kg
Tata Tea Agni,Tea & Drink Mixes,$12.86,697.66,1kg
Wagh Bakri Masala Tea Bags,Tea & Drink Mixes,$6.95,377.04,200g
Bournvita Drink Mix Best Before - 03/​04/​2024,Tea & Drink Mixes,"was $14.49


$9.99",786.08,1kg
Cothas Coffee,Tea & Drink Mixes,$8.67,470.35,454g
Hamdard Roohafza,Tea & Drink Mixes,$4.69,254.43,800ml
Brook Bond Red Label Tea,Tea & Drink Mixes,$13.30,721.53,900g
Wagh Bakri Tea - Ex. Pack,Tea & Drink Mixes,$9.49,514.83,500g
Horlicks Original,Tea & Drink Mixes,$9.29,503.98,500g
Bru Coffee Green Label Best Before - 18/​04/​2024,Tea & Drink Mixes,"was $6.99


$5.99",379.21,500gm
Wagh Bakri Tea - Pouch,Tea & Drink Mixes,$7.50,406.88,500gm
Tata Tea Gold,Tea & Drink Mixes,$17.86,968.9,1kg
Bru Coffee - Original,Tea & Drink Mixes,$10.75,583.19,200g
Tata Tea Premium,Tea & Drink Mixes,$14.99,813.21,1kg
Wagh Bakri Tea Bags,Tea & Drink Mixes,$7.33,397.65,200g
Brook Bond Taj Mahal Tea,Tea & Drink Mixes,$10.25,556.06,450g
Bru Coffee Green Label Best Before - 14/​04/​2024,Tea & Drink Mixes,"was $4.49


$3.49",243.58,200g
Wagh Bakri Instant Tea - Masala,Tea & Drink Mixes,"was $4.99


$3.99",270.71,140g
Brook Bond Red Label N/​C,Tea & Drink Mixes,$18.00,976.5,1kg
Glucon-D Original,Tea & Drink Mixes,"was $2.99


$2.29",162.21,250g
Wagh Bakri Masala Tea Bags,Tea & Drink Mixes,$2.80,151.9,50gm
Horlicks Original,Tea & Drink Mixes,$20.15,1093.14,1kg
Wagh Bakri Tea Bag - Elaichi 25pc,Tea & Drink Mixes,$2.80,151.9,50g
Wagh Bakri Instant - Ginger,Tea & Drink Mixes,$5.00,271.25,140g
Roohafza Sharbat,Tea & Drink Mixes,$6.58,356.96,750ml
Bru Coffee - Original,Tea & Drink Mixes,$5.49,297.83,100g
Complan Kesar Badam,Tea & Drink Mixes,"was $9.99


$7.99",541.96,500g
Haldiram's Thandai,Tea & Drink Mixes,$10.94,593.5,700ml
Brook Bond Red Label Tea,Tea & Drink Mixes,$14.38,780.12,1kg
Girnar Premix Kashmiri Kahwa,Tea & Drink Mixes,$3.00,162.75,50g
CFC Instant Filter Coffee,Tea & Drink Mixes,$9.99,541.96,250ml
Glucon-D Orange,Tea & Drink Mixes,"was $3.29


$2.79",178.48,200g
Wagh Bakri Instant -Cardemom,Tea & Drink Mixes,$5.00,271.25,140g
Brook Bond 3 Roses,Tea & Drink Mixes,$15.64,848.47,500g
Brook Bond Red Label N/​C,Tea & Drink Mixes,$18.00,976.5,1kg
Tata Tea Elaichi Bags,Tea & Drink Mixes,$4.33,234.9,50 Pcs
Tata Tea Masala Bags,Tea & Drink Mixes,$4.33,234.9,100g
Girnar Detox Desi Kahwa Green Tea,Tea & Drink Mixes,"was $8.99


$7.99",487.71,90g
Tang Orange,Tea & Drink Mixes,$5.49,297.83,500g
Tapal Danedar Tea,Tea & Drink Mixes,$14.39,780.66,1kg
Brook Bond 3 Roses,Tea & Drink Mixes,$7.47,405.25,250g
Royal Indian Steam Basmati Rice,Rice & Atta,"was $19.86


$15.99",1077.4,5kg
Grewal Chakki Atta,Rice & Atta,$15.68,850.64,10kg
Pillsbury Chakki Atta - Export Pack,Rice & Atta,$23.67,1284.1,10kg
Aashirvaad Atta,Rice & Atta,$26.63,1444.68,10kg
Daawat Everyday Rice,Rice & Atta,"was $16.98


$14.49",921.17,5kg
Fortune Biryani Basmati Rice,Rice & Atta,"was $20.58


$17.99",1116.46,5kg
Grewal Multigrain Atta,Rice & Atta,$18.64,1011.22,10kg
Grewal Chakki Atta,Rice & Atta,$10.61,575.59,5kg
Daawat Biryani Basmati Rice + Free Hyderabadi Biryani Kit,Rice & Atta,"was $28.82


$24.99",1563.48,5kg
Fortune Everyday Basmati Rice,Rice & Atta,"was $52.51


$44.99",2848.67,20kg
Pattu Premium Basmati Rice,Rice & Atta,"was $16.46


$14.99",892.96,5kg
Idly Rice - Aithra,Rice & Atta,$15.45,838.16,5kg
Pillsbury Atta - Gold,Rice & Atta,$25.75,1396.94,10kg
Grewal Multigrain Atta,Rice & Atta,$11.81,640.69,5kg
Indya Crown Rice,Rice & Atta,$14.40,781.2,5kg
Aashirvaad Atta,Rice & Atta,$13.93,755.7,5kg
Banno Basmati Rice,Rice & Atta,$21.47,1164.75,5kg
Daawat Select Basmati Rice,Rice & Atta,"was $26.76


$24.99",1451.73,5kg
Pillsbury Atta Multi Grain,Rice & Atta,$18.54,1005.8,5kg
Punjab Chakki Atta,Rice & Atta,$17.75,962.94,10kg
Royal Gold Chakki Atta,Rice & Atta,$17.17,931.47,10kg
Pillsbury Atta Multi Grain 9.​,Rice & Atta,$30.88,1675.24,07kg
Bansari Rice - Idli,Rice & Atta,$14.39,780.66,5kg
Aashirvaad Multi Grain Atta,Rice & Atta,$15.95,865.29,5KG
Thulasi Andra Sona Masoori Rice,Rice & Atta,$18.34,994.94,5kg
India Gate Classic Rice,Rice & Atta,$50.91,2761.87,10kg
Grewal Chakki Atta Whole Wheat,Rice & Atta,$17.17,931.47,10kg
Daawat Classic (​Chef's Sectertz) Rice,Rice & Atta,"was $19.55


$17.99",1060.59,5kg
Daawat Biryani Basmati Rice,Rice & Atta,$7.53,408.5,1kg
Sona Masoori Parboiled Rice - Aithra,Rice & Atta,$17.17,931.47,5kg
Ponni Boiled Rice - Pattu,Rice & Atta,$14.40,781.2,5kg
Punjab Multigrain Atta,Rice & Atta,$22.60,1226.05,10kg
India Gate Brown Rice,Rice & Atta,$20.47,1110.5,5kg
Daawat Select Basmati Rice,Rice & Atta,$7.03,381.38,1kg
Lal Qilla Majestic Rice,Rice & Atta,$23.22,1259.68,5kg
Bansari Rice - Idli,Rice & Atta,$3.48,188.79,1kg
India Gate Classic Rice,Rice & Atta,$96.59,5240.01,20kg
Fortune Atta Chakki Fresh,Rice & Atta,"was $21.61


$18.99",1172.34,10kg
Matta Rice - Mayil,Rice & Atta,$30.88,1675.24,10kg
Pattu Premium Basmati Rice,Rice & Atta,$56.63,3072.18,20kg
Daawat Brown Rice - Jar,Rice & Atta,$28.54,1548.29,5kg
Daawat Golden Sella,Rice & Atta,$18.01,977.04,5kg
Daawat Devaaya,Rice & Atta,$17.54,951.54,5kg
Ponni Boiled Rice - Pattu,Rice & Atta,$56.63,3072.18,20kg
Ponni Boiled Rice - Aithra,Rice & Atta,$32.83,1781.03,10kg
Taj Organic Basmati Rice 2.​,Rice & Atta,$13.64,739.97,5kg
Ponni Boiled Rice - Thulasi,Rice & Atta,$53.95,2926.79,20kg
Bansari Rice - Sona Masoori,Rice & Atta,$3.99,216.46,1kg
Pattu Dal - Toor Dhall,Lentils,$4.90,265.83,1kg
Saurbhi Dal - Chana Dal,Lentils,$2.47,134.0,1kg
Saurbhi Dal - Chickpeas Tyson (​Black Chana),Lentils,$2.32,125.86,1kg
Saurbhi Dal - Mung Dal Yellow,Lentils,$3.85,208.86,1kg
Saurbhi Dal - Chickpeas Premium,Lentils,$3.37,182.82,1kg
Saurbhi Dal - Urid Dal White,Lentils,$4.54,246.3,1kg
Jk Dal - Toor Dal,Lentils,$5.23,283.73,1kg
Mother's Pride Dal - Toor Dal,Lentils,$5.38,291.86,1kg
Pattu Dal - Mung Dhall Indian,Lentils,$3.70,200.73,1kg
Saurbhi Dal - Toor Dal,Lentils,$5.25,284.81,1kg
Pattu Dal - Mung Beans Berken,Lentils,$3.59,194.76,1kg
Mother's Pride Dal - Moong Dal - Yellow,Lentils,$4.62,250.64,1kg
Saurbhi Dal - Masoor Whole (​Black Lentil),Lentils,$3.34,181.2,1kg
Pattu Dal - Mung Split With Skin,Lentils,$4.14,224.59,1kg
Saurbhi Dal - Red Kidney Beans Dark,Lentils,$5.58,302.72,1kg
Saurbhi Dal - Red Spilt Lentil,Lentils,$3.00,162.75,1kg
Mother's Pride Dal - Black Chana (​Tyson),Lentils,$2.44,132.37,1kg
Pattu Dal - Channa Dhall,Lentils,$2.88,156.24,1kg
Saurbhi Dal - Mung Split With Skin,Lentils,$3.99,216.46,1kg
Mother's Pride Dal - Chana Dal,Lentils,$2.59,140.51,1kg
Pattu Dal - Red Kidney Beans Dark,Lentils,$5.37,291.32,1kg
Saurbhi Dal - Mung Bean,Lentils,$3.57,193.67,1kg
Viya Dal - Moong Dal Yellow,Lentils,$4.12,223.51,1kg
Pattu Dal - Chick Peas Tyson,Lentils,$2.55,138.34,1kg
Viya Dal - Urad Whole Black,Lentils,$4.12,223.51,1kg
Saurbhi Dal - Urid Gota Whole,Lentils,$5.74,311.4,1kg
Pattu Dal - Chick Peas Kabuli,Lentils,$4.04,219.17,1kg
Jk Dal - Red Masoor Split,Lentils,$3.41,184.99,1kg
Pattu Dal - Udad Dhall White,Lentils,$4.90,265.83,1kg
Viya Dal - Moong Whole Green (​Berkin),Lentils,$3.22,174.68,1kg
Viya Dal - Chana Dal,Lentils,$2.47,134.0,1kg
Pattu Dal - Udad Whole Black,Lentils,$4.50,244.12,1kg
Pattu Dal - Black Lentils (​Masoor Whole),Lentils,$3.13,169.8,1kg
Mother's Pride Dal - Mung Bean Whole,Lentils,$3.93,213.2,1kg
Saurbhi Dal - Red Kidney Beans Light,Lentils,$5.95,322.79,1kg
Mother's Pride Dal - Black Eye Beans,Lentils,$6.66,361.3,1kg
Saurbhi Dal - Blue Peas,Lentils,$2.99,162.21,1kg
Mother's Pride Dal - Kabuli Chickpea 9mm,Lentils,$4.18,226.76,1kg
Jk Dal - Chick Pea Opal 9mm,Lentils,$3.15,170.89,1kg
Pattu Dal - Chick Peas 9mm,Lentils,$3.97,215.37,1kg
Jk Dal - Moong Dal,Lentils,$4.14,224.59,1kg
Mother's Pride Dal - Toor Dal,Lentils,$25.26,1370.36,5kg
Pattu Dal - Red Split Lentils (​Aus),Lentils,$3.00,162.75,1kg
Saurbhi Dal - Toor Dal,Lentils,$23.65,1283.01,5kg
Pattu Dal - Mung Dhall Indian,Lentils,$7.63,413.93,2kg
Viya Dal - Chickpeas 9mm,Lentils,$4.12,223.51,1kg
Jk Dal - Urid Dhall Indian,Lentils,$4.46,241.96,1kg
Viya Dal - Moth Beans,Lentils,$4.75,257.69,1kg
Saurbhi Sabudana,Fasting Items,$2.88,156.24,500g
Mother's Pride Sendha Salt,Fasting Items,$2.94,159.5,500g
Delhi-6 Peanut Gachak,Fasting Items,$6.44,349.37,400g
Balaji Snack - Farali Chevdo,Fasting Items,$5.23,283.73,400g
Aayu's Ladu - Rajgara,Fasting Items,$1.99,107.96,100g
Aiva Phool Makhana,Fasting Items,$8.40,455.7,200g
Saurbhi Sindhav Salt,Fasting Items,$1.35,73.24,200g
Kemchho Snack - Farali Chevdo,Fasting Items,$3.95,214.29,270g
Mother's Pride Sendha Rock Salt,Fasting Items,$1.03,55.88,100g
Mother's Pride Flour - Farali,Fasting Items,$2.66,144.3,500g
Bansari Sabudana,Fasting Items,$2.40,130.2,454g
Bansari Sabudana,Fasting Items,$4.63,251.18,908g
Deep Chikki - Peanut,Fasting Items,$3.61,195.84,200g
Mother's Pride Flour - Moraiyo,Fasting Items,$4.04,219.17,500g
Mother's Pride Flour - Farali,Fasting Items,$4.87,264.2,1kg
Parivaar Phool Makhana,Fasting Items,$9.88,535.99,200g
Marathi Swaad Sabudana Papadi Red,Fasting Items,$4.26,231.1,200g
Saurbhi Sabudana Small,Fasting Items,$2.62,142.14,400g
Saurbhi Sabudana Chakri,Fasting Items,$3.83,207.78,250g
Deep Chikki - Sesame,Fasting Items,$3.27,177.4,200g
Saurbhi Sabudana Small,Fasting Items,$1.78,96.56,200g
Indya Peanut Gajak,Fasting Items,$6.58,356.96,400g
Marathi Sesame Seed Chikki,Fasting Items,$2.92,158.41,100g
Saurbhi Flour - Farali Dhokla Mix,Fasting Items,$4.67,253.35,454g
Marathi Swaad Rajgira Roll,Fasting Items,$4.96,269.08,200g
Atul Til Laddu,Fasting Items,$3.45,187.16,200g
Marathi Swaad Lonawala Sing(​Peanut) Chikki,Fasting Items,$4.16,225.68,200g
Saurbhi Nylon Sabudana,Fasting Items,$1.49,80.83,200g
Uttam Sabudana Small,Fasting Items,$2.75,149.19,500g
Deep Chikki - Crushed Peanut,Fasting Items,$1.83,99.28,100g
Deep Chikki - Coconut,Fasting Items,$1.83,99.28,100g
Marathi Swaad Potato Waffer,Fasting Items,$4.71,255.52,200g
Bansari Flour - Rajgara Coarse,Fasting Items,$4.43,240.33,454g
Saurbhi Potato Wafer -Jali,Fasting Items,$6.96,377.58,300g
Marathi Swaad Crispy Boondi Ladoo,Fasting Items,$4.84,262.57,200g
Shan E Punjab Peanut Gachak,Fasting Items,$4.57,247.92,400g
Saurbhi Fryums - Farali,Fasting Items,$2.93,158.95,300g
Saurbhi Potato Chips,Fasting Items,$6.76,366.73,300g
Bansari Flour - Moraiyo,Fasting Items,$3.75,203.44,454g
Mth Ragi Flour,Fasting Items,$5.50,298.38,1kg
Avatar Phool Makhana,Fasting Items,$10.21,553.89,200g
Bansari Flour - Farali,Fasting Items,$4.08,221.34,454g
Bansari Rajgara Whole,Fasting Items,$4.06,220.25,454g
Deep Chikki - Sesame,Fasting Items,$1.83,99.28,100g
Indya Farali Fryums Spiral,Fasting Items,$3.14,170.34,200g
Saurbhi Potato Chips -Shreded,Fasting Items,$9.77,530.02,500g
Marathi Swaad Lonawala Spl Gud-Dani,Fasting Items,$4.16,225.68,200g
Sikandar Roasted Peanuts With Husk,Other Food Items,$5.99,324.96,400g
Pani Puri's,Other Food Items,$8.06,437.26,50pcs
Bambino Vermicelli Roasted,Other Food Items,$3.61,195.84,800g
Bambino Vermicelli,Other Food Items,$3.28,177.94,800g
Sugar Raw - M & J,Other Food Items,$3.61,195.84,1kg
Mtr Vermicelli Roasted,Other Food Items,$4.85,263.11,900g
Nutrela Soya Granules,Other Food Items,$2.89,156.78,200g
Ahmed Vermicelli Roasted,Other Food Items,$1.32,71.61,150g
Saurbhi Daliya Gram,Other Food Items,$3.57,193.67,500g
Mother's Pride Roasted Dalia (​Split Gram),Other Food Items,$1.99,107.96,200g
Saurbhi Mini Soya Chunks,Other Food Items,$3.21,174.14,400g
Mother's Pride Crystal Sugar,Other Food Items,$1.49,80.83,200g
Bambino Vermicelli Roasted,Other Food Items,$2.40,130.2,350g
Mtr Vermicelli,Other Food Items,$4.52,245.21,950g
Sugar White - M & J,Other Food Items,$3.28,177.94,1kg
Nutrela Soya Chunks,Other Food Items,$6.78,367.82,1kg
Mtr Vermicelli Roasted,Other Food Items,$2.17,117.72,440g
Bambino Macaroni Pasta,Other Food Items,$3.92,212.66,800g
Coconut Desicated Fine - M & J,Other Food Items,$2.58,139.96,250g
Bambino Macaroni Pasta,Other Food Items,$2.14,116.1,400g
Mother's Pride Crystal Sugar,Other Food Items,$3.49,189.33,500g
Coconut Shreded - M & J,Other Food Items,$4.89,265.28,500g
Manna Foxtail Millet,Other Food Items,$7.26,393.85,1kg
Manna Kodo Millet,Other Food Items,$7.26,393.85,1kg
Mtr Vermicelli,Other Food Items,$2.56,138.88,440g
Saffron,Other Food Items,$8.99,487.71,1g
Manna Barnyard Millet,Other Food Items,$7.26,393.85,1kg
Manna Little Millet,Other Food Items,$7.26,393.85,1kg
Bambino Vermicelli,Other Food Items,$2.39,129.66,350g
Saurbhi Dalia Gram,Other Food Items,$6.21,336.89,908g
Coconut Shreded - M & J,Other Food Items,$2.86,155.16,250g
Mother's Pride Crystal Sugar Big (​Khadi Sakar),Other Food Items,$2.10,113.93,200G
Coconut Desicated Fine - M & J,Other Food Items,$4.78,259.32,500g
Diamond Rosted Peanuts With Husk,Other Food Items,$5.99,324.96,380g
Saurbhi Dry Coconut Slice,Other Food Items,$2.14,116.1,100g
Kara Coconut Milk,Other Food Items,$2.92,158.41,425ml
Maharaja/​C Essence Kewra,Other Food Items,$2.28,123.69,50ml
Manna Finger Millet,Other Food Items,$5.79,314.11,1kg
Mother's Pride Thread Mishri,Other Food Items,$2.11,114.47,180g
Dabur Chyawanprash Best Before - 24/​04/​2024,Other Food Items,$12.88,698.74,1kg
Patanjali Chyawanprash Plus,Other Food Items,$12.83,696.03,1kg
Saffron,Other Food Items,$17.99,975.96,2g
Saurbhi Whole Sago Papadum,Other Food Items,$1.92,104.16,200g
Saurbhi Soya Chunk,Other Food Items,$6.28,340.69,908g
Dabur Chyawanprash Best Before - 24/​04/​2024,Other Food Items,$12.46,675.96,1kg
Maharaja/​C Essence Vanila,Other Food Items,$2.28,123.69,50ml
Viya Coconut Desicated,Other Food Items,$2.20,119.35,250g
AHMED PHENI-FRIED VERMICELLI,Other Food Items,$3.45,187.16,150G
Fogg Body Spray - Delicious For Women,Cosmetic,$8.78,476.31,120ml
Fogg Body Spray - Magnetic,Cosmetic,$8.78,476.31,120ml
Deewal Cucumber Clay Face Mask Best Before - 30/​04/​2024,Cosmetic,"was $8.78


$6.99",476.31,100g
Fogg Body Spray - Napoleon,Cosmetic,$9.99,541.96,120ml
Deewal Brighteing Rose Clay Face Mask,Cosmetic,$9.77,530.02,100g
Deewal Bhringraj +​9 Hair Oil,Cosmetic,$15.30,830.03,100ml
Deewal Bh+ Indigo + Henna Natural Black,Cosmetic,$17.66,958.06,120g
Deewal Red Onion + Moroccan Argan Hair Oil,Cosmetic,$15.30,830.03,100ml
Deewal 100% Herbal Mooch & Beard Oil,Cosmetic,$11.94,647.74,50ml
Deewal Neem Clay Face Mask,Cosmetic,$8.89,482.28,100g
Deewal Paalina,Cosmetic,$4.73,256.6,150g
Deewal Calming & Cleansing Dead Sea Mineral Mud Mask Best Before - 30/​04/​2024,Cosmetic,"was $10.43


$8.49",565.83,100g
Deewal Detoxifying Activated Charcoal Clay Face Mask,Cosmetic,$11.94,647.74,100g
Deewal soothing Aloe Vera Clay Face Mask,Cosmetic,$9.77,530.02,100g
Deewal Ultra Hydrating Body Oil,Cosmetic,$15.30,830.03,100ml
Deewal Ultra- Cleanse Papaya Clay Face Mask,Cosmetic,$9.77,530.02,100g
Deewal Vitamin C Clay Face Mask Best Before - 30/​04/​2024,Cosmetic,"was $10.43


$8.49",565.83,100g
Patanjali Dant Kanti Regular,Cosmetic,$4.66,252.8,200g
Eno Regular,Cosmetic,$5.99,324.96,100g
Parachute Coconut Oil,Cosmetic,$7.08,384.09,500ml
Dabur Red Toothpaste,Cosmetic,$4.71,255.52,200g
Patanjali Aloe Vera Gel,Cosmetic,$4.49,243.58,150ml
Mysore Sandal Soap 150 X 3pk,Cosmetic,$8.64,468.72,150g
Bajaj Almond Hair Oil,Cosmetic,$5.89,319.53,300ml
Eno Lemon,Cosmetic,$5.99,324.96,100g
Parachute Coconut Oil,Cosmetic,$3.02,163.84,200ml
Kaveri Mehandi Cone,Cosmetic,$1.49,80.83,1pcs
Bajaj Almond Hair Oil,Cosmetic,$8.64,468.72,500ml
Mother's Pride Amla Powder,Cosmetic,$1.99,107.96,200g
Patanjali Aloe Vera Gel Kesar,Cosmetic,$4.70,254.98,150ml
Surf Excel Big Bar,Cosmetic,$1.99,107.96,250g
Appu Castor Oil Pure,Cosmetic,$3.30,179.02,200ml
Vicco Vajradant Tooth Paste,Cosmetic,$7.49,406.33,200g
Woodward's Gripe Water,Cosmetic,$2.49,135.08,130ml
Bajaj Almond Hair Oil,Cosmetic,$5.18,281.02,200ml
Godrej Easy Shampoo 5min Natural Black,Cosmetic,$1.74,94.4,20ml
Godrej Nupur Henna,Cosmetic,$9.00,488.25,500g
Hamdard Roghan Badam,Cosmetic,$12.86,697.66,100ml
Sleek Hot Wax,Cosmetic,$6.99,379.21,600g
Glycerin Pure - Ashwin,Cosmetic,$2.98,161.66,100ml
Hesh Multani Powder,Cosmetic,$2.59,140.51,100g
Dabur Gulabari,Cosmetic,$3.31,179.57,250ml
Dabur Honitus Cough Syrup,Cosmetic,$4.84,262.57,100ml
Close Up Red Triple Fresh,Cosmetic,$4.47,242.5,150g
Castor Oil - Ashwin,Cosmetic,$6.29,341.23,200ml
Facial Tissue - Durasoft,Serviettes & Party Needs,$1.58,85.72,180pcs
Plastic Take Away Container With Lid - 50pc,Serviettes & Party Needs,$11.45,621.16,500ml
Wooden Spoon 16cm,Serviettes & Party Needs,$4.32,234.36,100pcs
Sugarcane 5 Compartment Pltes 25pc,Serviettes & Party Needs,$9.73,527.85,5g
American Red Party Cup,Serviettes & Party Needs,$2.57,139.42,265ml
Viya Round Plate 7 Inch,Serviettes & Party Needs,$5.01,271.79,50pcs
Heavy Plastic Spoon,Serviettes & Party Needs,$5.13,278.3,50pcs
Sugarcane 6 Compartment Plate 20pc,Serviettes & Party Needs,$15.43,837.08,6g
Viya Wooden Fork,Serviettes & Party Needs,$3.44,186.62,100pcs
7' Round Plates 175mm,Serviettes & Party Needs,$3.44,186.62,7g
Economy Wooden Spoon,Serviettes & Party Needs,$4.14,224.59,100pcs
GreenWay 3 Compartment Round Plate (​Biodegradable & Compostable Eco-friendly),Serviettes & Party Needs,$7.77,421.52,20pcs
Plastic Take Away Container With Lid - 50pc,Serviettes & Party Needs,$12.18,660.76,650ml
Sugarcane 4 Compt Plates,Serviettes & Party Needs,$8.81,477.94,25pcs
33cm Rect. 5 Compartment Tray,Serviettes & Party Needs,$7.48,405.79,5g
Bio/​D 9' Round Plates,Serviettes & Party Needs,$6.06,328.76,40pcs
Party 10oz Round Container with Lid,Serviettes & Party Needs,$6.05,328.21,30pcs
Plastic Cups,Serviettes & Party Needs,$2.47,134.0,300ml
Plastic Rectangle Container with Lid 20pk,Serviettes & Party Needs,$6.91,374.87,1000ml
Sugarcane 5 Comp Plate,Serviettes & Party Needs,$16.13,875.05,50pcs
Sugarcane Oval Plates,Serviettes & Party Needs,$6.91,374.87,40pcs
12oz Plastic Cup,Serviettes & Party Needs,$5.18,281.02,50pcs
Europack 3 Compartment 10inch Round Plate,Serviettes & Party Needs,$5.48,297.29,25pcs
M & M 9 Inch Round Plate,Serviettes & Party Needs,$5.62,304.88,25pcs
Plastic Containers Rectangular X,Serviettes & Party Needs,$11.86,643.4,500ml
Sugarcane 3 Compartment Plates,Serviettes & Party Needs,$8.62,467.63,25pcs
Viya 6 Compartment Plate 20pc,Serviettes & Party Needs,$9.85,534.36,6g
Wooden Fork,Serviettes & Party Needs,$2.42,131.28,30pcs
8oz Round Bowl,Serviettes & Party Needs,$3.35,181.74,50pcs
Baking Paper 5 metres,Serviettes & Party Needs,$3.21,174.14,5g
Birth Day Candle,Serviettes & Party Needs,$3.64,197.47,24pcs
Plastic Container - 50pc,Serviettes & Party Needs,$14.04,761.67,1000ml
Spoons - Reusable,Serviettes & Party Needs,$5.17,280.47,50pcs
Sugarcane Oval Plates,Serviettes & Party Needs,$11.40,618.45,40pcs
Black 8oz Coffe Cups,Serviettes & Party Needs,$4.52,245.21,25pcs
Equasafe 8oz Bowl,Serviettes & Party Needs,$6.91,374.87,50pcs
Heavy Plastic Forks,Serviettes & Party Needs,$5.13,278.3,50pcs
Party 16oz Round Container with Lid,Serviettes & Party Needs,$6.05,328.21,25pcs
Plastic Container Round16oz,Serviettes & Party Needs,$11.91,646.12,50p
Om Shanthi Camphor,Pooja Items,$2.38,129.11,25pcs
Om Shanthi Camphor,Pooja Items,$4.51,244.67,52pcs
Cycle 3 In 1 Incense Stick with Match Box,Pooja Items,$3.05,165.46,88g
Hem - Lavender Incense,Pooja Items,$4.28,232.19,100g
Pooja Paan Leaves,Pooja Items,$4.93,267.45,10pcs
Mogra Dhoop - Hari Darshan 16 Sticks,Pooja Items,$2.26,122.6,16g
Cycle Incense Stick - Radant Rose + FREE 1 N Match Box of 40 stick,Pooja Items,$4.28,232.19,100g
Pattu Wheat,Pooja Items,$2.69,145.93,1kg
Shah Agam Dhoop,Pooja Items,$1.72,93.31,50g
Gangajal - Holy Water,Pooja Items,$1.71,92.77,100ml
Hem - Gulab Incense,Pooja Items,$4.28,232.19,100g
Shah Vitraag Dhoop,Pooja Items,$1.72,93.31,50g
Hem - Musk Incense,Pooja Items,$4.28,232.19,100gm
Cycle Heritage Chandanam Incense Stick with MAtch Box,Pooja Items,$3.05,165.46,92g
Havan Samagri - Hari Darshan,Pooja Items,$2.63,142.68,200g
Mataji Chunri Red 1/​2 Mtr,Pooja Items,$5.62,304.88,1g
Shah Hawan Samagri Dhoop,Pooja Items,$4.32,234.36,12pcs
Chandan Dhoop - Hari Darshan 16 Sticks,Pooja Items,$2.26,122.6,16g
Gangajal - Holy Water,Pooja Items,$2.00,108.5,100ml
Gangajal For Pooja - Indya,Pooja Items,$2.59,140.51,250ml
Shah Rajnigandha Cone Dhoop,Pooja Items,$5.18,281.02,100g
Shah Chandan Dhoop Cone,Pooja Items,$5.18,281.02,100g
Gangotri - Holy Water,Pooja Items,$2.42,131.28,100ml
Shah Shree Yantra Dhoop,Pooja Items,$4.14,224.59,100g
Hari Darshan Chandan Ksr Tik,Pooja Items,$2.86,155.16,40g
Shah Sandal Dhoop Dabbi,Pooja Items,$5.18,281.02,100g
Lia Incense Stick - Chandanam,Pooja Items,$3.05,165.46,90g
Shah Cool Camphor Eco,Pooja Items,$3.45,187.16,100g
Shah Kapur Gugal Dhoop,Pooja Items,$3.45,187.16,100g
Hari Darshan Chandan Powder,Pooja Items,$2.86,155.16,50g
Kalpana - Mogra Incense,Pooja Items,$2.91,157.87,130g
Shah Gugal Dhoop Cone,Pooja Items,$5.18,281.02,100g
Gulab Dhoop - Hari Darshan 16 Sticks,Pooja Items,$2.26,122.6,16g
Kalpana - Kasturi Incense,Pooja Items,$2.91,157.87,110g
Hauser Artz School Kit No 2,Washing & Cleaning Needs,$16.48,894.04,2g
Naphthalene Ball - Tiranga,Washing & Cleaning Needs,$2.39,129.66,100g
555 Steel Scrubber,Washing & Cleaning Needs,$0.91,49.37,555g
Vim Dishwash Bar,Washing & Cleaning Needs,$1.59,86.26,300g
Godrej Ezee,Washing & Cleaning Needs,$7.86,426.4,941ml
Surf Excel,Washing & Cleaning Needs,$1.49,80.83,250g
Rin Washing Bar X 4pk,Washing & Cleaning Needs,$3.99,216.46,250g
Milton Plastic Bucket,Washing & Cleaning Needs,$15.23,826.23,20ltr
Vim Dishwash Bar,Washing & Cleaning Needs,$2.25,122.06,375g
Rin Washing Bar,Washing & Cleaning Needs,$1.85,100.36,250G
7pack Super Glue each,Washing & Cleaning Needs,$2.73,148.1,3gm
Morning Fresh Dishwashing Liquid Lemon Antibacterial,Washing & Cleaning Needs,$3.93,213.2,400ml
Ujala Supreme,Washing & Cleaning Needs,$3.93,213.2,250ml
Surf Excel Detergent Soap x 4pk,Washing & Cleaning Needs,$4.49,243.58,200g
Godrej Ezee Liquid Detergent,Washing & Cleaning Needs,$5.50,298.38,500g
X'tra Kleen Garbage Bag,Washing & Cleaning Needs,$2.91,157.87,76ltr
Exo Ginger Dish Washing Cake,Washing & Cleaning Needs,$3.93,213.2,500g
Napthalene (​Moth) Balls 2 X,Washing & Cleaning Needs,$3.28,177.94,12g
Morning Fresh Dishwashing Liquid Lime,Washing & Cleaning Needs,$3.93,213.2,400 Ml
Fab Fresh Blossoms Laundry Detergent,Washing & Cleaning Needs,$11.99,650.46,2kg
Fab Fresh Frangipani Laundry Detergent,Washing & Cleaning Needs,$5.99,324.96,1kg
Morning Fresh Dishwashing Liquid Orange & Tea Tree Antibacterial,Washing & Cleaning Needs,$3.93,213.2,400ml
Surf Excel Washing Powder,Washing & Cleaning Needs,$4.99,270.71,1kg
Xtra Kleen Sink And Drain Unblocker 4pack*​,Washing & Cleaning Needs,$2.99,162.21,25g
Ariel Powder,Washing & Cleaning Needs,$8.21,445.39,1 Kg
Dettol Anti Bacterial Liquid Hand Wash Pump Vanilla And Orchid,Washing & Cleaning Needs,$3.39,183.91,250ml
Domestos Drain Cleaner,Washing & Cleaning Needs,$10.25,556.06,500ml
Fab Washing Powder Laundry Detergent (​Lavender),Washing & Cleaning Needs,$5.99,324.96,1kg
Nail Clipper Set,Washing & Cleaning Needs,$2.73,148.1,3 Pcs
Padlock Brass 18mm,Washing & Cleaning Needs,$3.32,180.11,2pcs
Patanjali Herbal Deterg Wash Soap,Washing & Cleaning Needs,$1.45,78.66,250g
Wheel Detergent Powder,Washing & Cleaning Needs,$2.99,162.21,1kg
X'tra Kleen Garbage Bag 15bags,Washing & Cleaning Needs,$2.91,157.87,56ltr
Odonil Multi Packs X 4pk,Household Items,$7.99,433.46,48g
Odonil Zipper - Lavender,Household Items,$3.52,190.96,10g
Odonil Zipper - Jasmine,Household Items,$2.28,123.69,10g
Allifix Fevicol,Household Items,$1.44,78.12,20ml
Kiwi Instant Polish Black,Household Items,$4.73,256.6,75ml
Diwali Diya No - 21,Aayus Impex,$5.99,324.96,4pcs
Diwali Diya Wax No - 29,Aayus Impex,$6.49,352.08,4pcs
Diwali Diya Wax No - 33,Aayus Impex,$11.99,650.46,7pcs
Diwali Diya No - 17,Aayus Impex,$5.99,324.96,4pcs
Diwali Diya Wax No - 16,Aayus Impex,$11.99,650.46,4pcs
Diwali Diya Wax No - 32,Aayus Impex,$11.99,650.46,7pcs
Diwali Diya No - 11,Aayus Impex,$6.99,379.21,4pcs
Diwali Diya White Wax No - 12,Aayus Impex,$6.99,379.21,4pcs
Diwali Diya No - 1,Aayus Impex,$11.99,650.46,12pcs
Diwali Diya No - 31,Aayus Impex,$5.99,324.96,2pcs
Vinod Idli Stand 3 Plate,Utensils,$16.01,868.54,3g
Basting Square Taveta No 6,Utensils,$2.58,139.96,6g
Knief Set,Utensils,$3.71,201.27,3 Pcs
Basting Ladle 26 X 6cm,Utensils,$2.53,137.25,26g
Steel Parat No 16,Utensils,$10.12,549.01,16g
Stainless Steel Chimta 28 X 2cm,Utensils,$5.06,274.5,28g
Vinod Pav Bhaji Com.​Tray 24*​24cm,Utensils,$6.42,348.28,24g
Dumpling Moulds,Utensils,$3.79,205.61,3pcs
Plastic Strainer 9.​5cm,Utensils,$1.38,74.86,9g
Hawkins Idli Stand Cook 12 Idlis Fit In Tall Cooker,Utensils,$11.90,645.58,3ltr
11.​5 Cm Plastic Strainer,Utensils,$1.34,72.7,11g
Hawkins Gasket 3.​ To,Utensils,$4.22,228.93,5l
Multi Grinder With 6 Plates,Utensils,$12.65,686.26,6g
Stainless Steel Tope With Lid 2.​,Utensils,$21.68,1176.14,5L
Rin Surf Excel Soap,Miscellaneous,$2.54,137.8,250g
Toung Cleaner,Miscellaneous,$2.49,135.08,1pcs
Aiva Supari Chips,Miscellaneous,$15.99,867.46,400g
Clay Tawa With Stand 10 inch,Miscellaneous,$7.51,407.42,10g
Carom Board 30x 30 - Big,Miscellaneous,$80.00,4340.0,30g
Clay Tawa With Hole 10 inch,Miscellaneous,$5.99,324.96,10g
Dry Dates Pieces,Miscellaneous,$4.29,232.73,150g
Hawkins Futura Gasket 3.​5,Miscellaneous,$5.64,305.97,7l
Tawa - Chapati 10 Inch,Miscellaneous,$8.99,487.71,10g
Aiva Supari Chips,Miscellaneous,$5.98,324.42,200g
Aiva Supari Sliced,Miscellaneous,$5.98,324.42,200g
Jethi Madh Powder,Miscellaneous,$2.90,157.32,100g
Aiva Supari Sliced,Miscellaneous,$11.98,649.92,400g
Babu Chuna Pk,Miscellaneous,$2.99,162.21,60pcs
Charger 2 In 1 Cable,Miscellaneous,$6.05,328.21,2g
Wooden Belan Teak Wood 1.​5,Miscellaneous,$8.12,440.51,1g
Aiva Supari Roasted Chips,Miscellaneous,$15.99,867.46,400g
Laxmi Tablet,Miscellaneous,$5.43,294.58,150g
Snowpeak Rasva - Lovely,Miscellaneous,$5.00,271.25,100g
Tawa - Chapati 9 Inch,Miscellaneous,$7.99,433.46,9g
Holi Mix Color Herbal,Seasonal Items,$3.28,177.94,200g
Tiranga Herbal Holi Colour - Purple / Red / Orange / Yellow / Green,Seasonal Items,$2.20,119.35,100gm
Holi Color Gulal Herbal,Seasonal Items,$3.28,177.94,200g
Rangoli Color White,Seasonal Items,$2.18,118.27,200g
Laxmi or Ganesh Clay Idol 4 Inch each - Please write which you want in NOTE Section,Seasonal Items,$6.58,356.96,4g
Diwali Diya No - 8,Seasonal Items,$6.99,379.21,6pcs
Diwali Diya No - 4,Seasonal Items,$11.99,650.46,12pcs
Holi Mix Color Herbal,Seasonal Items,$10.98,595.67,1kg
Diwali Diya No - 10,Seasonal Items,$6.99,379.21,6pcs
Diwali Diya No - 6,Seasonal Items,$6.99,379.21,6pcs
Diwali Diya No - 20,Seasonal Items,$5.99,324.96,4pcs
Diwali Diya Plain No - 34,Seasonal Items,$6.99,379.21,6pcs
Flower Diya 3 Inch Am-07,Seasonal Items,$3.49,189.33,3g
Velvet Toran 3ft Am-519,Seasonal Items,$6.43,348.83,519g
Water Ballon Bombs,Seasonal Items,$3.28,177.94,80 Pcs
Diwali Diya No - 7,Seasonal Items,$6.99,379.21,6pcs
Diwali Diya Wax No - 18,Seasonal Items,$5.99,324.96,4pcs
Diwali Diya with Wax Candle No - 25,Seasonal Items,$5.99,324.96,2pcs
Diwali Diya No - 3,Seasonal Items,$11.99,650.46,12pcs
Moti Mala 2inch Am-777,Seasonal Items,$2.20,119.35,777g
Water Ballons Bombs & Pump,Seasonal Items,$7.68,416.64,150pcs
Diwali Diya 1pc No - 28,Seasonal Items,$4.99,270.71,28g
Festival Sticker 12inch Am-335,Seasonal Items,$2.12,115.01,335g
Decorative Hanging Hh 661,Seasonal Items,$13.18,715.02,661g
Diwali Diya No - 26,Seasonal Items,$6.99,379.21,2pcs
Diwali Diya No - 9,Seasonal Items,$6.99,379.21,6pcs
Diwali Diya Wax No - 19,Seasonal Items,$5.99,324.96,4pcs
Festival Sticker 4inch Am-183,Seasonal Items,$2.20,119.35,183g
Flower Rangoli 14 Inch Am-50,Seasonal Items,$20.82,1129.49,14g
Flower Rangoli 14 Inch Am-51,Seasonal Items,$21.72,1178.31,14g
Flower Toran 3ft Am-539,Seasonal Items,$11.00,596.75,539g
Holi Mix Color Herbal,Seasonal Items,$2.73,148.1,200g
Diwali Diya No - 13,Seasonal Items,$6.99,379.21,4pcs
Diwali Diya No - 23,Seasonal Items,$5.99,324.96,4pcs
Diwali Diya Wax 1pc No - 30,Seasonal Items,$3.99,216.46,30g
Diwali Diya Wax No - 22,Seasonal Items,$6.99,379.21,4pcs
Diwali Diya Wax No - 24,Seasonal Items,$11.99,650.46,4pcs
Flower Rangoli 8 Inch - Am-33,Seasonal Items,$10.98,595.67,8g
Flower Toran 3ft Am-559,Seasonal Items,$15.15,821.89,559g
Holi Color Gulal Herbal,Seasonal Items,$10.98,595.67,1kg
Spark Rangoli Clr - White,Seasonal Items,$3.01,163.29,200g
Classic Organic Mace Whole,Organic Products,$6.43,348.83,50g
24 Mantra Organic Garam Masala,Organic Products,$3.64,197.47,50g
Organic India Tulsi Holy Basil Herbal Supplement Infusion Bags - Turmeric & Ginger 25pk,Organic Products,$7.14,387.34,50g
Organic Tattva India Moringa Leaf Powder,Organic Products,$19.49,1057.33,226g
Classic Organic Pure Ceylon Cinnamon Powder,Organic Products,$5.14,278.84,100g
Down To Earth Organic Coriander Powder,Organic Products,$5.73,310.85,400g
Down To Earth Organic Garlic Rusk,Organic Products,$3.29,178.48,200g
Root2Leaf Organic Rose Petal Powder,Organic Products,$9.09,493.13,100g
24 Mantra Organic Tulsi Ginger Tea 25bags,Organic Products,$5.64,305.97,24g
Classic Organic Fenugreek Seeds,Organic Products,$4.14,224.59,100g
Organic India Tulsi Holy Basil Herbal Supplement Infusion Bags - Green Tea Classic 25pk,Organic Products,$7.14,387.34,50g
Root2Leaf Organic Hibiscus Powder,Organic Products,$8.26,448.1,100g
24 Mantra Organic Rasam Powder 283.​,Organic Products,$8.26,448.1,5g
Classic Organic Ginger Powder,Organic Products,$4.14,224.59,100g
Classic Organic Pure Ceylon Cinnamon Cut,Organic Products,$5.14,278.84,50g
Down To Earth Organic Tulsi Ginger Tea,Organic Products,$14.27,774.15,200g
Organic India Tea - Tulsi Ashwagandha,Organic Products,$7.14,387.34,50g
Organic India Tea - Tulsi Wellness - 25 Tea Bags,Organic Products,$7.14,387.34,45g
Organic Tattva Wheat Grass Powder,Organic Products,$6.75,366.19,100g
Root2Leaf Organic CTC Tea,Organic Products,$19.23,1043.23,250g
Classic Organic Cumin Powder,Organic Products,$5.71,309.77,200g
Classic Organic Moringa Powder,Organic Products,$5.29,286.98,100g
Down To Earth Organic Masoor Dal Mogar,Organic Products,$3.98,215.92,500g
Organic India Tea - Tulsi Honey Chamomile 42.​ 25 bags,Organic Products,$7.14,387.34,50g
Organic India Tea - Tulsi Tummy - 25 Tea Bags,Organic Products,$7.27,394.4,45g
Root2Leaf Organic Cumin Powder,Organic Products,$5.67,307.6,250g
Root2Leaf Organic Shikakai Powder,Organic Products,$9.62,521.88,100g
Root2Leaf Organic Wheatgrass Powder,Organic Products,$9.62,521.88,100g
Classic Organic Musterd Seeds,Organic Products,$3.14,170.34,100g
Classic Organic Mutton Curry Powder,Organic Products,$5.14,278.84,100g
Organic India Tea - Tulsi Sleep,Organic Products,$7.14,387.34,45g
Organic Tattva Organic Subzi Masala,Organic Products,$3.82,207.24,100g
Root2Leaf Organic Brown Sugar,Organic Products,$9.09,493.13,908g
24 Mantra OrganicCoriander Pwd,Organic Products,$3.74,202.9,226g
Classic Organic Coriander Powder,Organic Products,$4.86,263.66,200g
Dte Bengal Gram Split,Organic Products,$3.98,215.92,500g
Org/​Ind Tea - Lemon Ginger,Organic Products,$8.40,455.7,100g
Root2Leaf Organic Aloe Vera Powder,Organic Products,$9.62,521.88,100g
Root2Leaf Organic Ginger Powder,Organic Products,$5.33,289.15,100g
Root2Leaf Organic Ginger Powder,Organic Products,$5.33,289.15,100g
Root2Leaf Organic Manjistha Powder,Organic Products,$8.99,487.71,100g
Root2Leaf Organic Soapnut,Organic Products,$9.09,493.13,100g
Classic Organic Turmeric Powder,Organic Products,$5.14,278.84,100g
Org/​Ind Tea - Tulsi Ginger,Organic Products,$7.69,417.18,100g
Org/​Ind Tea - Tulsi Masala,Organic Products,$8.40,455.7,100g
Organic India Tea - Ayush Kwath,Organic Products,$7.14,387.34,50g
Organic India Tea - Tulsi Green Classic,Organic Products,$8.40,455.7,100g
Potato Sweet minimum,Fruits & Vegetables,"$1.98

500g
(approx.)


$3.97 per kg",107.42,500g
Bitter Melon Small (​Karela) minimum,Fruits & Vegetables,"$8.34

500g
(approx.)


$16.67 per kg",452.44,500g
Apple Red Delicious min.,Fruits & Vegetables,"$2.50

500g
(approx.)


$5.00 per kg",135.62,500g
Mandarins minimum,Fruits & Vegetables,"$6.00

500g
(approx.)


$12.00 per kg",325.5,500g
Onion Red Spanish,Fruits & Vegetables,$23.53,1276.5,10kg
Apple Pink Lady minimum,Fruits & Vegetables,"$2.14

500g
(approx.)


$4.29 per kg",116.1,500g
Pears min.,Fruits & Vegetables,"$2.06

500g
(approx.)


$4.13 per kg",111.76,500g
Medjool Dates,Fruits & Vegetables,$11.90,645.58,450g
Fresh Mung Sprout,Fruits & Vegetables,$2.09,113.38,200g
Medjool Dates,Fruits & Vegetables,$11.43,620.08,454g
Apple Green Min.​,Fruits & Vegetables,"$2.14

500g
(approx.)


$4.29 per kg",116.1,500g
Desert Valley Dates,Fruits & Vegetables,$11.11,602.72,450g
Britannia Good Day Butter,Biscuits,$1.36,73.78,75g
Britannia Tiger Kreemz Orange,Biscuits,$0.97,52.62,75g
Nutro Suji Rusk,Biscuits,$5.48,297.29,610g
Elite Rusk - Elaichi Eggless,Biscuits,$6.05,328.21,480g
Britannia Cake - Fruit,Biscuits,$4.64,251.72,250g
Britannia Nutri Choice 5 Grain,Biscuits,$4.34,235.44,300g
Veer Jee Rusk,Biscuits,$4.40,238.7,400g
Britannia Treat Bournbon,Biscuits,$2.57,139.42,196g
Parle Hide & Seek,Biscuits,$5.99,324.96,400g
Britannia Good Day Pista & Badam,Biscuits,$4.67,253.35,231g
Britannia Tiger Kreemz Vanilla,Biscuits,$0.97,52.62,75g
Kushi Cake Rusk,Biscuits,$4.66,252.8,400g
Cherab's Nan Khatai,Biscuits,$6.58,356.96,300gm
Frontier Milk Rusk Eggless,Biscuits,$16.13,875.05,1kg
Sartaj Suji Rusk,Biscuits,"was $13.73


$6.99",744.85,1kg
Britannia Treat Jim Jam,Biscuits,$6.05,328.21,500g
Bansari Candy - Pan Pasand,Biscuits,$2.99,162.21,200g
Frontier Saunf Rusk Eggless,Biscuits,$16.13,875.05,1kg
Britannia Treat Orange,Biscuits,$1.12,60.76,120g
Frontier Saunf Rusk Eggless,Biscuits,$8.06,437.26,400g
Britannia Rusk Wheat,Biscuits,$2.02,109.58,235g
Cherab's Cookies - Almond,Biscuits,$6.58,356.96,300g
Britannia Tiger Kreemz Choco,Biscuits,$0.97,52.62,75g
Britannia Tiger Kreemz Strawberry,Biscuits,$0.97,52.62,75g
Saurbhi Khari - Butter,Biscuits,$6.58,356.96,200g
Saurbhi Khari - Methi,Biscuits,$6.58,356.96,200g
Britannia Digestive Sugar Free,Biscuits,$4.19,227.31,350G
Parle G Royale Best Before - 05/​02/​2024,Biscuits,$3.99,216.46,350g
Britannia Treat Bourbon Cappuchino,Biscuits,$1.60,86.8,100g
Cadbury 5 Star,Biscuits,$1.59,86.26,40g
Elite Rusk - Original Eggless,Biscuits,$6.05,328.21,480g
Britannia Cake - Vanilla,Biscuits,$4.65,252.26,250g
Britannia Punjabi Cookies,Biscuits,$8.01,434.54,620g
Britannia Digestive,Biscuits,$2.70,146.48,225g
Cherab's Atta Biscuits,Biscuits,$14.06,762.76,950g
Karachi Cashew Biscuits,Biscuits,$7.26,393.85,400g
Frontier Rusk Eggless,Biscuits,$8.64,468.72,400g
Sartaj Gur Rusk,Biscuits,"was $13.73


$6.99",744.85,1kg
Britannia Treat Pineapple,Biscuits,$1.61,87.34,120g
Britannia Wafers Chocolate,Biscuits,$2.67,144.85,175g
Britannia 50 -50 Sweet & Salty 6 X Value Pack,Biscuits,$6.52,353.71,62G
Britannia Wafers Hazelnut,Biscuits,$2.67,144.85,175g
Britannia Good Day Butter,Biscuits,$4.03,218.63,231G
Cherab's Atta Biscuits,Biscuits,$6.58,356.96,320gm
Dadima Tutti Fruity Cookies,Biscuits,$4.54,246.3,300g
Elite Rusk - Milk Eggless,Biscuits,$6.05,328.21,480g
Atul Khari - Methi,Biscuits,$2.73,148.1,200g
Britannia Dry Cake,Biscuits,$4.58,248.46,300g
Parliament Jaljeera,Drinks,$2.82,152.98,275ml
Patanjali Aloe Vera Juice,Drinks,$9.27,502.9,1ltr
Charged By Thums-Up,Drinks,$2.18,118.27,250ml
Mazza,Drinks,$1.74,94.4,250ml
Opener Soda,Drinks,$2.73,148.1,250ml
Patanjali Giloy Amla Juice Best Before - 31/​03/​2024,Drinks,$6.03,327.13,500ml
Real Juice - Pineapple,Drinks,$5.48,297.29,1ltr
Real Juice - Pomegranate,Drinks,$5.48,297.29,1l
Bikano Choco Drink,Drinks,$2.17,117.72,180ml
Bikano Strawberry Drink,Drinks,$2.17,117.72,180ml
Hazoori's Soda,Drinks,$2.73,148.1,250ml
Kashmira Masala Jeera,Drinks,$3.11,168.72,300ml
Maaza Mango,Drinks,$1.90,103.07,330ml
Maza Mango Juice,Drinks,$6.05,328.21,2ltr
Mirinda Orange Tin,Drinks,$1.85,100.36,250ml
Sprite Can,Drinks,$2.07,112.3,300ml
Swadeshi Karela Ras,Drinks,$8.23,446.48,500ml
Mithai Master Sweet Jalebi,Sweets,$7.86,426.4,300g
BC Dry Fruit Gujia,Sweets,$6.88,373.24,350g
Saurbhi Pulp - Kesar,Sweets,$6.60,358.05,850g
Saurbhi Sweet - Pista Roll,Sweets,$8.60,466.55,200g
Deep Pulp - Kesar,Sweets,$4.75,257.69,850g
Grb Sweet - Rasmalai,Sweets,$7.62,413.38,1kg
Parsram Kesar Mango Pulp,Sweets,"was $6.49


$4.99",352.08,850g
Haldiram's Rasmalai,Sweets,$8.25,447.56,1kg
Saurbhi Shreekhand - Pista,Sweets,$9.90,537.08,500g
Anand Besan Laddu,Sweets,$4.49,243.58,250g
Grb Sweet - Cham Cham,Sweets,$6.93,375.95,1kg
Haldiram Gujiya,Sweets,$10.99,596.21,380g
Haldiram's Gulab Jamun,Sweets,$23.68,1284.64,64pcs
Shuddh Rasmalai,Sweets,$17.95,973.79,1kg
Apna Taste Khoya Burfi,Sweets,$18.99,1030.21,400g
Grb Mysore Pak,Sweets,$10.99,596.21,340g
Saurbhi Pulp - Alphanso,Sweets,$6.49,352.08,850g
Saurbhi Shreekhand - Kachi Keri,Sweets,$10.49,569.08,500g
Haldiram Besan Burfee,Sweets,$7.99,433.46,340g
Rajah's Rasgulla,Sweets,"was $6.99


$5.49",379.21,1kg
Anand No Sugar Soan Papdi,Sweets,$5.99,324.96,250g
Haldiram's Kesar Anguri,Sweets,$7.19,390.06,1kg
Rajah's Gulab Jamun,Sweets,"was $6.99


$5.49",379.21,1kg
Vadilal Gajara Halwa,Sweets,"was $10.69


$9.69",579.93,908g
Apna Taste Rasmalai Kesar,Sweets,$14.49,786.08,850gm
Coldstream Hills The Hills Pinot Noir,Sweets,$13.99,758.96,750ml
Nanak Kaju Katli,Sweets,$11.00,596.75,255g
Saurbhi Kesar Peda,Sweets,$12.44,674.87,400g
Saurbhi Sweet Halwasan,Sweets,$12.23,663.48,400g
Viya Chana Burfi,Sweets,"was $6.49


$5.49",352.08,300g
Satva Pulp - Kesar,Sweets,$7.33,397.65,850g
Vadilal Kesar Jalebi,Sweets,"was $6.89


$5.89",373.78,340g
Grb Sweet - Rasogolla,Sweets,$8.13,441.05,1kg
Haldiram's Moong Dal Halwa,Sweets,$6.60,358.05,283g
Rajah's Rasbhari Angoori White,Sweets,"was $6.99


$5.49",379.21,1kg
D/​B Pulp- Alphonso,Sweets,$7.67,416.1,850g
Deep Pulp - Alphonso,Sweets,$5.65,306.51,850g
Sweet - Motichur Laddu,Sweets,$11.99,650.46,408g
Vadilal Motichoor Laddo Ksr,Sweets,"was $9.19


$8.19",498.56,340g
Haldiram's Gulab Jamun - D 3.​,Sweets,$23.38,1268.36,7kg
Nanak Kalakand,Sweets,$13.75,745.94,400g
Ratna Alphanso Mango Pulp 3.​,Sweets,$36.25,1966.56,2kg
Squealing Pig Reds Perfect Pinot Noir,Sweets,$23.99,1301.46,750ml
Sweet - Brn Rasmalai W/​Rabri,Sweets,$2.63,142.68,80g
Thulasi Tirunelveli Halwa,Sweets,$7.07,383.55,150g
Vadilal Mohanthal,Sweets,$7.59,411.76,340g
Anand Rasgulla,Sweets,$7.89,428.03,1kg
Anand Soan Papdi,Sweets,$4.49,243.58,250g
Deep Frozen Veg - Tuvar Lilva,Frozen,$4.01,217.54,340g
Vadilal Tuver Lilva,Frozen,$3.92,212.66,312g
Deep Frozen Veg - Surti Papdi Lilva,Frozen,$4.27,231.65,340g
Haldiram Paratha - Lachcha,Frozen,$13.20,716.1,20pcs
Vadilal Bhindi Cut (​Cut Okra),Frozen,$7.13,386.8,908g
Deep Frozen Veg - Methi,Frozen,$3.91,212.12,340g
Karan's Coconut Shreded,Frozen,$4.51,244.67,400g
Vadilal Amla,Frozen,$3.28,177.94,312g
Haldiram Bajra Roti -12pc,Frozen,$4.71,255.52,360g
Katoomba Roti Paratha Wholemeal 20 Pieces,Frozen,$12.39,672.16,20g
Deep Frozen Veg - Karela,Frozen,$3.28,177.94,340g
Deep Frozen Veg - Val Papdi,Frozen,$3.28,177.94,340g
Haldiram Paratha - Methi,Frozen,$6.58,356.96,6pcs
Saurbhi Iqf - Bhindi Cut,Frozen,$2.18,118.27,312g
Daily Delight Grated Coconut,Frozen,$5.50,298.38,454g
Karan's Roti Paratha Plain,Frozen,"was $13.18


$9.99",715.02,30pcs
Vadilal Karela,Frozen,$3.28,177.94,312g
Katoomba Punjabi Samosa 25pc x -Hot & Spicy,Frozen,$13.20,716.1,45g
Saurbhi Iqf - Sapota (​Chikoo),Frozen,$2.51,136.17,312g
Saurbhi Iqf - Coconut Shreded,Frozen,$4.24,230.02,312g
Deep Samosa Chana Dal,Frozen,$5.50,298.38,50pcs
Bhagwati's Muthia,Frozen,$3.44,186.62,340g
Deep Frozen Veg - Palak,Frozen,$3.28,177.94,340g
Karan's Paratha Wholmeal,Frozen,"was $13.18


$9.99",715.02,30pcs
Saurbhi Iqf - Coconut Slice,Frozen,$4.08,221.34,312g
Vadilal Rumali Roti,Frozen,$2.94,159.5,6 Pcs
Nanak Paneer Cube,Frozen,$32.26,1750.1,1kg
Saurbhi Iqf - Tindora,Frozen,$2.18,118.27,312g
Vadilal Patra Unfried,Frozen,$8.78,476.31,1kg
Haldiram's Naan - Tandoori,Frozen,"was $14.28


$9.99",774.69,15pcs
Vadilal Potato Veg Alo Tikki 400,Frozen,$5.48,297.29,400g
Vadilal Patra Curried,Frozen,$8.78,476.31,1kg
Deep Frozen Veg - Parwal,Frozen,$3.28,177.94,340g
Vadilal Punjabi Tinda,Frozen,$3.28,177.94,312g
Haldiram Coconut Chutney,Frozen,$6.21,336.89,300gm
Vadilal Spinach - Palak,Frozen,$3.28,177.94,312g
Vadilal Green Chana (​Gram),Frozen,$3.94,213.74,312g
Saurbhi Iqf - Grated Ginger,Frozen,$3.45,187.16,312g
Saurbhi Iqf - Sambhar Mix,Frozen,$2.59,140.51,312g
Deep Frozen Veg - Suran,Frozen,$3.28,177.94,340g
Haldiram Paratha - Mix Veg,Frozen,$22.00,1193.5,16pcs
Saurbhi Iqf - Guvar,Frozen,$2.18,118.27,312g
Deep Frozen Veg - Punjabi Tinda,Frozen,$3.28,177.94,340g
Vadilal Kantola,Frozen,$3.28,177.94,312g
Vadilal Sambar Mix,Frozen,$3.79,205.61,312g
Haldiram Sabudana Tikki,Frozen,$6.19,335.81,320g
Saurbhi Tooty Fruity Yellow,Mukhavas,$2.40,130.2,200g
Viya Dry Amla,Mukhavas,$1.63,88.43,100g
Mother's Pride Mukhawas - Anardana Goli,Mukhavas,$2.49,135.08,200g
Super Tower Gulkand,Mukhavas,$6.89,373.78,800g
Mother's Pride Mukhawas - Masala Kharek,Mukhavas,$2.95,160.04,200g
Mother's Pride Mukhawas - Roasted,Mukhavas,$2.49,135.08,140gm
Mother's Pride Mukhawas - Shahi,Mukhavas,$14.91,808.87,1kg
Saurbhi Tooty Fruity Yellow,Mukhavas,$5.97,323.87,1kg
Mother's Pride Mukhawas - Hing Goli,Mukhavas,$2.49,135.08,200g
Mother's Pride Mukhawas - Kesar Mix,Mukhavas,$14.83,804.53,1kg
Mother's Pride Mukhwas - Hajma Hajam,Mukhavas,$2.49,135.08,200g
Meenakshi Paan Chutney,Mukhavas,$4.07,220.8,50g
Patanjali Pachak Hing Peda,Mukhavas,$3.65,198.01,100g
Pachranga Gulkand,Mukhavas,$4.99,270.71,400g
Saurbhi Mukahvas Btl Msala Kharek,Mukhavas,$2.18,118.27,150g
Damyanti Kattha,Mukhavas,$3.28,177.94,50g
Lata's Bombay Mitha Paan,Mukhavas,$6.05,328.21,250g
Mother's Pride Flax Seed,Mukhavas,$7.14,387.34,1kg
Mother's Pride Mukhawas Pachak Amla,Mukhavas,$2.49,135.08,125g
Uttam Mukhwas - Kashmiri,Mukhavas,$4.84,262.57,200g
Dabur Hajmola Imli,Mukhavas,$2.20,119.35,66g
Mother's Pride Mukhawas - Roasted,Mukhavas,$18.43,999.83,1kg
Mother's Pride Mukhwas - Drakshavati,Mukhavas,$2.49,135.08,200g
Mother's Pride Mukhwas - Jeera Amla,Mukhavas,$2.95,160.04,200g
Saurbhi Tooty Fruity Green,Mukhavas,$5.97,323.87,1kg
Deep Mango Bites,Mukhavas,$3.70,200.73,220g
Mother's Pride Mukhwas - Dry Fruit,Mukhavas,$2.49,135.08,200g
Mother's Pride Mukhwas - Spicy Amla,Mukhavas,$2.95,160.04,200g
Saurbhi Chatpati Candy,Mukhavas,$2.62,142.14,135g
Zandu Maha Sudarshan Churan,Mukhavas,$2.91,157.87,30g
Deep Green Mango Bites,Mukhavas,$3.70,200.73,220g
Deep Guava Bites,Mukhavas,$3.70,200.73,220g
Delight Fennel Seed,Mukhavas,$5.89,319.53,400g
Mother's Pride Mukhwas - Adarak Pachak,Mukhavas,$2.95,160.04,200g
Mother's Pride Mukhwas - Alsi Mix,Mukhavas,$1.99,107.96,130g
Mother's Pride Mukhwas - Sweet Mango,Mukhavas,$2.95,160.04,200g
Patanjali Bel Candy,Mukhavas,$6.05,328.21,250g
Thulasi Sprouted Grain Mix,Mukhavas,$4.71,255.52,250g
Gajanand Dhana Dal,Mukhavas,$7.85,425.86,500g
Lata's Bahaar Paan,Mukhavas,$6.05,328.21,250g
Lata's Dabangg Paan,Mukhavas,$6.05,328.21,250g
Lata's Golmal Paan,Mukhavas,$6.05,328.21,250g
Lata's Harabhara Paan,Mukhavas,$6.05,328.21,250g
Lata's Mumbai Paan,Mukhavas,$6.05,328.21,250g
Lata's Rangeela Paan,Mukhavas,$6.05,328.21,250g
Maharana Ginger Chatpata X 5,Mukhavas,$6.23,337.98,13g
Moth/​Pride Mukh -Khr Kht Got,Mukhavas,$2.95,160.04,200g
Mother's Pride Mukhwas - Ginger Chatpata,Mukhavas,$2.95,160.04,200g
Haldiram's Magic Makhana Simply Salted,Snacks & Chips,$2.47,134.0,30g
Haldiram's Aloo Bhujia,Snacks & Chips,$5.20,282.1,350g
Aayu's Delhi Chat Papdi,Snacks & Chips,$4.19,227.31,360g
Haldiram's Phalhari (​Farali) Chiwda,Snacks & Chips,$2.71,147.02,150g
Balaji Snack - Farali Chevdo,Snacks & Chips,$5.23,283.73,400g
Aayu's Banana Chips - Yellow,Snacks & Chips,$4.99,270.71,360g
Bikaji Snack - All In One,Snacks & Chips,"was $11.53


$8.99",625.5,1kg
Aayu's Bhel's Puri,Snacks & Chips,$4.19,227.31,360g
Bikano Bikaneri Bhujia,Snacks & Chips,"was $11.53


$8.49",625.5,1kg
Deep Snack - Papdi Best Before - 18/​04/​2024,Snacks & Chips,"was $7.33


$3.49",397.65,350g
Kemchho Snack - Nylon Sev,Snacks & Chips,$4.18,226.76,270g
Haldiram's Boondi,Snacks & Chips,$2.71,147.02,200g
Haldiram's Khatta Meetha,Snacks & Chips,$4.18,226.76,350g
Haldiram's Bhel Puri,Snacks & Chips,$3.41,184.99,200g
Balaji Wafers - Magic Masala,Snacks & Chips,$3.41,184.99,150g
Haldiram's Panchratan Mixture,Snacks & Chips,$3.53,191.5,160g
Bikaji Snack - Aloo Bhujia,Snacks & Chips,"was $11.53


$8.99",625.5,1kg
Kemchho Snack - Mini Bhakharwadi,Snacks & Chips,$4.18,226.76,270g
Modern Banana Chips,Snacks & Chips,$3.39,183.91,200g
Bikaji Snack - Navratna Mix,Snacks & Chips,"was $11.53


$8.99",625.5,1kg
Kemchho Snack - Methi Puri,Snacks & Chips,$4.18,226.76,270g
Balaji Wheelos Masala,Snacks & Chips,$1.56,84.63,55g
Bikano Shahi Mixture,Snacks & Chips,"was $11.53


$8.49",625.5,1kg
Aayu's Bhavnagari Gathiya,Snacks & Chips,$4.19,227.31,360g
Haldiram's Khatta Meetha,Snacks & Chips,$3.41,184.99,200g
Kemchho Snack - Dry Fruit Kachori,Snacks & Chips,$4.18,226.76,270g
Kemchho Snack - Sweet Sakkarpar,Snacks & Chips,$4.18,226.76,270g
Haldiram's Nut Cracker,Snacks & Chips,$3.47,188.25,200gm
Kemchho Snack - Makai Chevdo,Snacks & Chips,$4.18,226.76,270g
Haldiram's Navrattan Mix,Snacks & Chips,$3.41,184.99,200g
Haldiram's Nimbu Masala,Snacks & Chips,$3.41,184.99,200g
Haldiram's Punjabi Tadka,Snacks & Chips,$2.71,147.02,150g
Haldiram's Chana Dal,Snacks & Chips,$3.41,184.99,200g
Haldiram's Moong Dal,Snacks & Chips,$5.20,282.1,350g
Aayu's Banana Chips - Mari (​Pepper),Snacks & Chips,$4.99,270.71,360g
Aayu's Boondi Masala,Snacks & Chips,$4.19,227.31,360g
Kemchho Snack - Murukku,Snacks & Chips,$4.18,226.76,270g
Balaji Chataka Pataka Masala,Snacks & Chips,$1.14,61.84,65g
Haldiram's Aloo Bhujia,Snacks & Chips,$12.25,664.56,1kg
Haldiram's Masala Thick Sev,Snacks & Chips,$2.71,147.02,160g
Aayu's Mora Sev Thick,Snacks & Chips,$4.19,227.31,360g
Kemchho Snack - Farali Chevdo,Snacks & Chips,$3.95,214.29,270g
Bikaji Snack - Chana Chur,Snacks & Chips,"was $11.53


$8.99",625.5,1kg
Aayu's Ratlami Sev,Snacks & Chips,$4.19,227.31,360g
Bikaji Snack - Khatta Meetha,Snacks & Chips,"was $11.53


$8.99",625.5,1kg
Aayu's Tea Time Puri (​Masala Puri),Snacks & Chips,$4.19,227.31,360g
Haldiram's Aloo Bhujia,Snacks & Chips,$14.26,773.6,1kg
Malabar Treats Masala Murukku,Snacks & Chips,$6.02,326.58,454g
Ashoka Shahi Rajma,Ready To Eat,"was $3.63


$2.19",196.93,280g
Bansari Spinach Puree,Ready To Eat,"was $4.99


$3.99",270.71,850g
Haldiram's Mutter Paneer,Ready To Eat,$4.38,237.61,300gm
Tata Rassa - Goan Coconut Curry,Ready To Eat,"was $2.73


$1.79",148.1,180g
Ashoka Bhindi Masala,Ready To Eat,"was $3.63


$2.19",196.93,280g
Mtr Navratan Kurma,Ready To Eat,$3.46,187.7,300g
Tata Rassa - Kashmiri Rogan Josh,Ready To Eat,"was $2.73


$1.79",148.1,150g
Tata Rassa - Punjabi Kadhai Curry,Ready To Eat,"was $2.73


$1.79",148.1,180g
Ashoka Kashmiri Dum Aloo,Ready To Eat,"was $3.63


$2.19",196.93,280g
Green Ocean Gulab Petha,Ready To Eat,"was $7.49


$5.99",406.33,1kg
Bansari Soya Chaap Stickless,Ready To Eat,$15.99,867.46,3kg
Ashoka Matar Paneer,Ready To Eat,"was $3.63


$2.19",196.93,280g
Ashoka Navratan Korma,Ready To Eat,"was $3.63


$2.19",196.93,280g
Ashoka Tadka Dal,Ready To Eat,"was $3.63


$2.19",196.93,280g
Shaan E Punjab Msl Soyachap,Ready To Eat,$7.33,397.65,850g
Tata Rassa - Kerala Coconut Stew,Ready To Eat,"was $2.73


$1.79",148.1,150g
Bansari Soya Tikka,Ready To Eat,"was $6.49


$5.49",352.08,850g
Green Ocean Dry Petha,Ready To Eat,"was $4.49


$3.49",243.58,400g
Indya Soya Chaap,Ready To Eat,$17.96,974.33,3kg
Sabrini Sarson Ka Saag,Ready To Eat,$4.79,259.86,850g
Sohna Rte - Dal Makhani,Ready To Eat,$3.22,174.68,850g
Bansari Soya Chaap Curry,Ready To Eat,$6.99,379.21,850g
Green Ocean Kesar Angoori Petha,Ready To Eat,"was $4.49


$3.49",243.58,400g
Green Ocean Paan Petha,Ready To Eat,$4.49,243.58,400g
Suhana RTC - Chicken Handi,Ready To Cook,$1.83,99.28,50g
Marathi Swaad Matki Rassa,Ready To Cook,$6.09,330.38,300g
Mother's Chicken Tikka Mix,Ready To Cook,$2.53,137.25,100g
Prakash Misal Rassa Msl,Ready To Cook,$1.72,93.31,25g
Rasoi Magic Dum Aloo,Ready To Cook,$3.28,177.94,45g
Rasoi Magic Paneer Bhurji,Ready To Cook,$3.28,177.94,25g
Knorr S Hot & Sour Veg Soup Best Before - 03/​04/​2024,Ready To Cook,"was $2.73


$1.99",148.1,43g
Mother's Butter Chicken,Ready To Cook,$2.53,137.25,80g
R/​M Matar Paneer,Ready To Cook,$3.28,177.94,50g
Rasoi Magic Shahi Paneer Mix,Ready To Cook,$3.28,177.94,55g
Suhana Rtc Cupp Upma,Ready To Cook,$2.20,119.35,80g
Brahmins Dosa Powder,Instant Mix,$5.98,324.42,750g
Gits Medu Vadai,Instant Mix,$4.81,260.94,500g
Mtr Bre Cup Poha Regl,Instant Mix,$2.92,158.41,80g
Talod Muthiya,Instant Mix,$4.50,244.12,500g
Ramdev Instant Mix Dhokla,Instant Mix,$3.03,164.38,400gm
Ramdev Instant Mix Idli,Instant Mix,$3.22,174.68,400gm
Ramdev Instant Mix Khaman,Instant Mix,$3.88,210.49,400gm
Ramdev Methi Gota Mix,Instant Mix,$3.85,208.86,400gm
Ahmed Custard Powder - Mango,Instant Mix,$2.62,142.14,285g
Ramdev Instant Mix Handvo,Instant Mix,$3.61,195.84,400gm
Uttam Falooda Mix - Kesar,Instant Mix,$2.61,141.59,200g
Uttam Falooda Mix - Mango,Instant Mix,$2.61,141.59,200g
Brahmins Easy Palappam Mix,Instant Mix,$5.86,317.91,1kg
Eastern Gulab Jamun Mix,Instant Mix,$4.72,256.06,200g
Talod Khichu Mix,Instant Mix,$4.50,244.12,500g
Double Horse Easy Palappam,Instant Mix,$5.98,324.42,1kg
Gits Sandwich Dhokla,Instant Mix,$4.09,221.88,400g
Ramdev Instant Mix Dhosa,Instant Mix,$3.03,164.38,400gm
Ahmed Kheer Mix - Pistachio,Instant Mix,$2.24,121.52,85g
Talod Bhajiya,Instant Mix,$4.50,244.12,500g
Eastern Payasam Mix,Instant Mix,$3.74,202.9,200g
Gajanand Idli Mix Flour,Instant Mix,"was $2.49


$1.99",135.08,200g
Talod Dahiwada,Instant Mix,$4.50,244.12,500g
Talod Meduwada Flour,Instant Mix,$4.50,244.12,500g
Talod Upma,Instant Mix,$4.50,244.12,500g
Double Horse Appam Pathri,Instant Mix,$5.83,316.28,1kg
Gajanand Dosa Mix Flour,Instant Mix,"was $2.49


$1.99",135.08,200g
Satvam Instant Mix - Methi Gota,Instant Mix,"was $5.23


$3.99",283.73,500g
DH Uppuma Instant,Instant Mix,$6.75,366.19,1kg
Laziza Falooda - Jelly,Instant Mix,$2.55,138.34,235g
Satvam Instant Mix - Rava Idli,Instant Mix,"was $5.23


$3.99",283.73,500g
Talod Rice Idli,Instant Mix,$4.50,244.12,500g
Ahmed Custard Powder - Strawberry,Instant Mix,$2.67,144.85,285g
Gajanand Gota Mix Flour,Instant Mix,"was $2.49


$1.99",135.08,200g
Gajanand Gulab Jamun,Instant Mix,"was $3.99


$3.49",216.46,200g
Maharana Instant Surti Locho,Instant Mix,$2.80,151.9,200g
Talod Dalwada,Instant Mix,$4.50,244.12,500g
Mother's Upma Instant Mix,Instant Mix,$2.95,160.04,80g
Satvam Instant Mix -Khichu,Instant Mix,"was $5.23


$3.99",283.73,500g
Talod Gota Mix,Instant Mix,$4.50,244.12,500g
Talod Masala Dalia Khichdi,Instant Mix,$3.29,178.48,200g
Ramdev Dalwada Instant Mix,Instant Mix,$4.36,236.53,400gm
Gajanand Dryfruit Basundi Mix,Instant Mix,$1.79,97.11,100g
Gits Rasam,Instant Mix,$1.77,96.02,100g
Khushboo Falooda - Rose,Instant Mix,$2.00,108.5,200g
Laziza Khir - Kheer Mix Standard,Instant Mix,$3.13,169.8,155g
Maharana Dry Ponk,Instant Mix,$5.59,303.26,250g
Maharana Instant Ponk Vada,Instant Mix,$3.73,202.35,200g
Shan Sindhi Biryani Miix,Spice Mixes / Masala,$2.03,110.13,60g
Mdh Bombay Biryani Masala,Spice Mixes / Masala,$2.67,144.85,100gm
Mdh Dahivada Raita Masala,Spice Mixes / Masala,$2.78,150.82,100gm
Everest Egg Curry Masala,Spice Mixes / Masala,$1.60,86.8,50g
Mdh Meat Curry Masala,Spice Mixes / Masala,$2.92,158.41,100gm
Shan Chana Masala,Spice Mixes / Masala,$2.03,110.13,100g
Mdh Jal Jeera,Spice Mixes / Masala,$2.78,150.82,100gm
Badshah Kashmiri Chilli Powder Best Before - 07/​02/​2024,Spice Mixes / Masala,$4.45,241.41,100g
Mast Pav Bhaji Masala,Spice Mixes / Masala,"was $2.08


$1.49",112.84,100g
Shan Nihari Curry Mix,Spice Mixes / Masala,$2.03,110.13,60g
Badshah Mumbai BHAJI Pav Masala,Spice Mixes / Masala,$3.26,176.86,100G
Shan Fried Fish,Spice Mixes / Masala,$2.03,110.13,50g
Everest Chicken65 Kabab Masala,Spice Mixes / Masala,$1.94,105.24,50g
Mangal Amchur Powder,Spice Mixes / Masala,$3.37,182.82,100g
Mast Punjabi Garam Masala,Spice Mixes / Masala,"was $2.08


$1.49",112.84,100g
Mdh Deggi Mirch,Spice Mixes / Masala,$12.60,683.55,500gm
Mast Chhole Masala,Spice Mixes / Masala,"was $2.08


$1.49",112.84,100g
Mdh Butter Chicken Masala,Spice Mixes / Masala,$2.67,144.85,100gm
Mast Kitchen King Masala,Spice Mixes / Masala,"was $2.08


$1.49",112.84,100g
Everest Raoyal Garam Masala,Spice Mixes / Masala,$3.13,169.8,100g
Eastern Sambar Powder,Spice Mixes / Masala,$4.06,220.25,165g
Everest Chicken Birya Masala,Spice Mixes / Masala,$2.61,141.59,50g
Mangal Kitchen King Masala,Spice Mixes / Masala,$1.87,101.45,100g
Mdh Shahi Paneer,Spice Mixes / Masala,$2.48,134.54,100gm
Badshah Kamal Tea Masala,Spice Mixes / Masala,$3.71,201.27,100g
Mangal Pani Puri Masala,Spice Mixes / Masala,$1.87,101.45,50g
Mangal Supreme Tea Masala,Spice Mixes / Masala,$2.62,142.14,50g
Mdh Pulao Masala,Spice Mixes / Masala,$2.63,142.68,50g
Mdh Sabji Masala,Spice Mixes / Masala,$2.63,142.68,100gm
Mangal Biryani Masala,Spice Mixes / Masala,$1.87,101.45,50g
Mangal Ready Pickle Mix,Spice Mixes / Masala,$2.50,135.62,250g
Mast Chana Masala,Spice Mixes / Masala,"was $2.08


$1.49",112.84,100g
Mdh Tava Fry Masala,Spice Mixes / Masala,$2.48,134.54,100gm
Marathi Swaad Thalipith Bhajani,Spice Mixes / Masala,$7.45,404.16,500g
Shan Seekh Kabab BBQ,Spice Mixes / Masala,$2.03,110.13,50g
Mangal Jaljira,Spice Mixes / Masala,$1.87,101.45,50g
Mdh Chana Dal Masala,Spice Mixes / Masala,$2.48,134.54,100gm
Mdh Karachi Chicken Masala,Spice Mixes / Masala,$2.63,142.68,100gm
Shan Keema Curry,Spice Mixes / Masala,$2.03,110.13,50g
Shan Korma Curry Mix,Spice Mixes / Masala,$2.03,110.13,50g
Badshah Madras Sambar Masala,Spice Mixes / Masala,$3.13,169.8,100g
Mast Rajma Masala,Spice Mixes / Masala,"was $2.08


$1.49",112.84,100g
Marathi Swad Masala - Kanda Lasan,Spice Mixes / Masala,$4.08,221.34,100g
Shan Mutton Biryani Mix,Spice Mixes / Masala,$2.03,110.13,65g
Mangal Gujarati Dal Msala,Spice Mixes / Masala,$1.79,97.11,50g
Mast Butter Paneer Masala,Spice Mixes / Masala,"was $2.08


$1.49",112.84,100g
Mangal Pav Bhaji Masala,Spice Mixes / Masala,$1.87,101.45,100g
Marathi Swad Masala - Green Chilli Thecha,Spice Mixes / Masala,$2.90,157.32,100g
Mother's Pride Sesame Seeds Hulled,Spices,$2.60,141.05,200g
Mother's Pride Black Pepper Powder,Spices,$4.49,243.58,200g
Maharaja/​C Bay Leaves,Spices,$2.49,135.08,15g
Pattu Turmeric Powder,Spices,$3.04,164.92,200g
Mother's Pride Cardemom Black,Spices,$3.44,186.62,50g
Mother's Pride Kokam Dry,Spices,$1.75,94.94,100g
Mtr Bisibele Bhath Masala,Spices,$2.97,161.12,100g
Saurbhi Fennel Seeds Roasted,Spices,$4.02,218.08,200g
Mother's Pride Chilli Powder - Hot,Spices,$6.88,373.24,500g
Saurbhi Fennel Seeds Lakhanowi,Spices,$5.75,311.94,200g
Fennel Seeds - M & J,Spices,$6.73,365.1,500g
Mother's Pride Black Pepper Whole,Spices,$6.49,352.08,200g
Maharaja Choice Rock Salt,Spices,$2.30,124.78,500g
Bansari Tamarind Seedless,Spices,$3.99,216.46,500g
Mother's Pride Sesame Seeds Natural,Spices,$5.30,287.52,500g
Mother's Pride Chilli Whole No Stick,Spices,$5.02,272.33,200g
Pattu Coriander Powder,Spices,$7.64,414.47,1kg
Saurbhi Garam Masala Whole,Spices,$2.71,147.02,100g
Bansari Tamarind Seedless - Black,Spices,$3.99,216.46,500g
Mother's Pride Edible Gum,Spices,$2.35,127.49,200g
Saurbhi Chilli Whole Stick less,Spices,$2.97,161.12,100g
Mother's Pride Black Salt,Spices,$4.99,270.71,500g
Mother's Pride Mustard Seed Small,Spices,$3.25,176.31,500g
Mother's Pride Sesame Seeds Hulled,Spices,$5.63,305.43,500g
Mother's Pride Turmeric Powder,Spices,$9.55,518.09,1kg
Mother's Pride Ajwain Seeds,Spices,$8.55,463.84,500g
Aithra White Chilli,Spices,$2.05,111.21,100g
Uttam Tamarind Slab,Spices,$9.77,530.02,1kg
Uttam Cumin Seeds,Spices,$6.32,342.86,200g
Saurbhi Kalonji Seed,Spices,$3.68,199.64,200g
Saurbhi Chilli Whole With Stick,Spices,$2.41,130.74,100g
Vandevi Hing,Spices,$4.84,262.57,100g
Mother's Pride Cumin Powder,Spices,$8.91,483.37,500g
Mother's Pride Sesame Seeds Natural .,Spices,$2.59,140.51,200g
Saurbhi Chilli Powder Kashmiri,Spices,$16.38,888.61,500gm
Mother's Pride Achar Masala,Spices,$2.19,118.81,200g
Mother's Pride Cumin & Coriander Powder,Spices,$8.58,465.46,1kg
Mother's Pride Sesame Seed Black,Spices,$2.23,120.98,200g
Viya Chilli Whole Kashmiri,Spices,$4.26,231.1,100g
Mtr Idli Karam Podi,Spices,$2.93,158.95,100g
Saurbhi Ginger Powder - Sunth,Spices,$5.17,280.47,200g
Cardemom Ground - M & J,Spices,$4.14,224.59,50g
Mother's Pride Chilli Powder - Hot,Spices,$13.13,712.3,1kg
Pattu Chilli Powder Kashmiri,Spices,$7.46,404.7,200g
Saurbhi Black Pepper Whole,Spices,$5.15,279.39,100g
Viya Tamarind Seedless,Spices,$4.26,231.1,500g
Pattu Turmeric powder,Spices,$11.82,641.24,1kg
Saurbhi Garam Masala,Spices,$7.11,385.72,500g
Saurbhi Flour - Singoda,Flours,$5.65,306.51,454g
Royal Gold Besan Fine,Flours,$4.32,234.36,1kg
Mother's Pride Flour - Udad,Flours,$5.26,285.35,1kg
Bansari Flour - Besan Fine,Flours,$4.13,224.05,750g
Saurbhi Flour - Handva,Flours,$2.62,142.14,454g
Semolina Coarse,Flours,$48.51,2631.67,25kg
Saurbhi Flour - Farali Dhokla Mix,Flours,$4.67,253.35,454g
Saurbhi Flour - Soya,Flours,$7.15,387.89,908g
Bansari Flour - Besan Coarse,Flours,$5.00,271.25,908g
Pillsbury Multi Grain Atta,Flours,$3.92,212.66,1kg
Indya Flour - Red Sorghum,Flours,$3.06,166.0,908g
Gajanand Flour - Ragi,Flours,$4.08,221.34,1kg
Saurbhi Flour - Kala Chana Besan,Flours,$4.63,251.18,908g
Bansari Flour - Lapsi,Flours,$2.80,151.9,908g
Bansari Flour - Moong,Flours,$3.03,164.38,400g
Mother's Pride Flour - Mohanthal,Flours,$2.13,115.55,500g
Sohum Rice Flour,Flours,$4.32,234.36,500g
Aiva Besan Flour Fine,Flours,$4.05,219.71,1kg
Saurbhi Flour -Besan Fine1.​,Flours,$7.68,416.64,816kg
Bansari Flour - Ladoo Besan,Flours,$2.29,124.23,454g
Bansari Flour - Udad,Flours,$3.80,206.15,454g
Gajanand Flour - Rice,Flours,$3.45,187.16,1kg
Saurbhi Flour - Besan Coars,Flours,$4.63,251.18,908g
Saurbhi Lapsi Fada Fine,Flours,$4.71,255.52,908g
Mother's Pride Semolina Coarse,Flours,$11.25,610.31,5kg
Priya Idli Rava,Flours,$17.67,958.6,5kg
Uphaar Gluten Free Atta,Flours,$6.12,332.01,1kg
Bansari Flour - Jav,Flours,$2.63,142.68,750g
Indya Roasted Upma Mix,Flours,$3.53,191.5,908g
KT Appam Idiyappam Podi,Flours,$5.50,298.38,1kg
Pillsbury Atta,Flours,$6.60,358.05,2kg
Deep Flour - Juwar,Flours,$3.35,181.74,907g
Kitchen Treasures Puttu Podi,Flours,$5.50,298.38,1kg
Saurbhi Flour - Corn Fine,Flours,$3.14,170.34,908g
Saurbhi Flour - Handva Mix,Flours,$3.20,173.6,500g
Sohum Sorghum Flour,Flours,$4.32,234.36,500g
Spark Flour - Ragi,Flours,$3.30,179.02,908g
Brahmins M/​G Puttu Podi,Flours,$6.44,349.37,1kg
Mother's Pride Flour - Magas,Flours,$2.25,122.06,500g
Mother's Pride Flour - Mathiya,Flours,$3.00,162.75,500g
Saurbhi Dakor Gota Mix,Flours,$3.37,182.82,500g
Bansari Flour - Dhokla,Flours,$1.85,100.36,454g
Grandma's Appam Podi,Flours,$5.10,276.67,1kg
Indya Makki Ka Atta,Flours,$3.30,179.02,1kg
Pillsbury Chakki Atta,Flours,$3.35,181.74,1kg
Eastern Puttu Podi,Flours,$5.48,297.29,1kg
Indya Idli Rava,Flours,$3.27,177.4,1kg
Semolina Fine - M & J,Flours,$16.15,876.14,5kg
Ashoka Pickle - Garlic,Pickles,"was $4.63


$3.69",251.18,500g
Chagan Magan Marwadi Chilli,Pickles,$5.13,278.3,400g
Priya Pickle - Gongura Without Garlic,Pickles,$2.68,145.39,300g
Telugu Pickle - Gongura With Garlic,Pickles,$2.90,157.32,300g
Telugu Pickle - Tomato With Garlic,Pickles,$2.90,157.32,300g
Mother's Recipe Pickle Sweet Lime,Pickles,$5.81,315.19,575g
Deep Pickle - Chundo,Pickles,$5.23,283.73,340g
Ashoka Pickle - Turmeric,Pickles,"was $4.63


$3.69",251.18,500g
Deep Pickle - Gor Keri,Pickles,$5.48,297.29,340g
Pattu Chutney - Bombay Bhel Puri,Pickles,$4.42,239.78,340g
Pattu Pani Puri Concentrate,Pickles,$4.42,239.78,360g
Ahmed Mango Pickle Hyderabadi Style,Pickles,$6.58,356.96,1kg
Ashoka Pickle - Gorkeri,Pickles,"was $4.63


$3.69",251.18,575G
Mother's Recipe Pickle Gujarati Methia Mango,Pickles,$5.48,297.29,500g
Deep Pickle - Amba Haldar,Pickles,$4.60,249.55,283g
Pachranga Amla Murabba,Pickles,$6.83,370.53,800g
Telugu Pickle - Lime With Garlic,Pickles,$2.90,157.32,300g
Ahmed Lime Pickle In Oil,Pickles,$6.58,356.96,1kg
Deep Pickle - Chundo,Pickles,$8.54,463.29,860g
Telugu Pickle - Red Chilli With Garlic,Pickles,$2.90,157.32,300g
Ahmed Mixed Pickle Hyderabadi Style,Pickles,$6.58,356.96,1kg
Pachranga Pickle - Mixed,Pickles,$5.99,324.96,800g
Telugu Pickle - Amla With Garlic,Pickles,$2.90,157.32,300g
Telugu Pickle - Ginger With Garlic,Pickles,$2.90,157.32,300g
Deep Pickle - Gor Keri,Pickles,$8.55,463.84,850g
Deep Pickle - Khaman Gunda,Pickles,$4.60,249.55,283g
Deep Pickle - Mango Hot,Pickles,$7.33,397.65,709g
Pachranga Pickle - Tenti Delha Best Before - 15/​02/​2024,Pickles,$5.99,324.96,800g
Bedekar Mixed Pickle,Pickles,$3.83,207.78,400g
Deep Pickle - Khaman Gunda,Pickles,$7.33,397.65,730g
Deep Pickle - Lime Sweet,Pickles,$4.89,265.28,340g
Priya Pickle - Coriander Without Garlic,Pickles,$2.68,145.39,300g
Deep Pickle - Garlic,Pickles,$4.60,249.55,283g
Mother's Recipe Pickle Punjabi Teekha Mango,Pickles,$8.78,476.31,1kg
Telugu Pickle - Mango Ginger With Garlic,Pickles,$2.90,157.32,300g
Ashoka Pickle - Rajasthani Sweet Lime,Pickles,"was $4.63


$3.69",251.18,575g
Pachranga Pickle - Amla,Pickles,$5.99,324.96,800g
Pachranga Pickle - Ginger Lime Chilli,Pickles,$5.99,324.96,800g
Pachranga Pickle - Mango & Chilli,Pickles,$5.99,324.96,800g
Brahmins Sliced Mango Pickle,Pickles,$3.36,182.28,200g
Deep Pickle - Lime Hot,Pickles,$4.60,249.55,283g
Deep Pickle - Mango Katki,Pickles,$8.55,463.84,850g
Deep Pickle - Methiy Mango,Pickles,$7.08,384.09,737g
Mother's Pride Pickle - Punjabi Mango,Pickles,$3.99,216.46,400g
Telugu Pickle - Garlic,Pickles,$2.90,157.32,300g
Telugu Pickle - Mixed Vegetable With Garlic,Pickles,$2.90,157.32,300g
Ashoka Pickle - Lime Mild,Pickles,"was $4.63


$3.69",251.18,500g
Deep Pickle - Mix,Pickles,$7.24,392.77,737g
Pattu Paste - Ginger,"Chutney, Paste & Sauces",$5.69,308.68,350g
Pattu Sauce - Chilli Garlic,"Chutney, Paste & Sauces",$5.33,289.15,500g
Sabrini Chutney - Green Chili,"Chutney, Paste & Sauces",$4.38,237.61,280g
Ashoka Chutney - Date Tamarind,"Chutney, Paste & Sauces",$6.23,337.98,580g
Sabrini Chutney - Pani Puri,"Chutney, Paste & Sauces",$4.38,237.61,350g
Maggi Rich Tomato Ketchup,"Chutney, Paste & Sauces",$4.14,224.59,500g
Sabrini Chutney - Samosa,"Chutney, Paste & Sauces",$4.38,237.61,320g
Jaipur Chutney - Schezwan,"Chutney, Paste & Sauces",$4.05,219.71,400gm
Kissan Tomato Ketchup,"Chutney, Paste & Sauces","was $3.99


$3.49",216.46,500g
Mother's Chutney - Mint,"Chutney, Paste & Sauces",$5.77,313.02,250g
Mother's recipe Tamarind paste,"Chutney, Paste & Sauces",$9.52,516.46,1kg
Cfc Tamarind Concentrate,"Chutney, Paste & Sauces",$2.68,145.39,227g
Pattu Paste - Garlic,"Chutney, Paste & Sauces",$5.69,308.68,350g
Saurbhi Chutney - Pani Puri Paste (​Concentrate),"Chutney, Paste & Sauces",$2.36,128.03,220g
Saurbhi Chutney - Samosa,"Chutney, Paste & Sauces",$2.36,128.03,240g
Sabrini Chutney - Bhel Puri,"Chutney, Paste & Sauces",$4.38,237.61,340g
Sabrini Ginger Paste,"Chutney, Paste & Sauces","was $6.58


$4.99",356.96,800g
Ramdev Chutney - Date & Tamarind,"Chutney, Paste & Sauces",$3.87,209.95,220g
Ching's Dragon Fire Chutney,"Chutney, Paste & Sauces",$2.12,115.01,250g
Sabrini Garlic Paste,"Chutney, Paste & Sauces","was $6.58


$4.99",356.96,800g
Saurbhi Chutney - Mint,"Chutney, Paste & Sauces",$2.24,121.52,220g
Telugu Paste -Ginger & Garlic Paste,"Chutney, Paste & Sauces",$8.94,484.99,1kg
Foram Chutney - Samosa,"Chutney, Paste & Sauces",$4.09,221.88,380g
Maggi Rich Tomato -Ketchup,"Chutney, Paste & Sauces",$5.99,324.96,1kg
Ramdev Chutney - Mint,"Chutney, Paste & Sauces",$3.87,209.95,220g
Veeba Tandoori Pasta & Pizza Sauce,"Chutney, Paste & Sauces",$5.97,323.87,400g
Jaipur Chutney - Garlic,"Chutney, Paste & Sauces",$3.78,205.06,400gm
Mother's Chutney - Red Chilli Garlic,"Chutney, Paste & Sauces",$4.67,253.35,330g
Pattu Sauce - Hot & Sweet,"Chutney, Paste & Sauces",$5.33,289.15,500g
Pattu Sauce - Masala Chilli,"Chutney, Paste & Sauces",$5.33,289.15,500g
Maggi Rich Tomato - Ketchup,"Chutney, Paste & Sauces",$3.77,204.52,500g
Mother's Recipe Ginger Paste,"Chutney, Paste & Sauces",$5.86,317.91,1kg
Sabrini Spicy Sandwich Spread,"Chutney, Paste & Sauces",$5.61,304.34,350g
Saurbhi Chutney - Coriander,"Chutney, Paste & Sauces",$2.24,121.52,220g
Cfc Tamarind Concentrate,"Chutney, Paste & Sauces",$4.95,268.54,454g
Ramdev Chutney - Delhi Cht,"Chutney, Paste & Sauces",$3.87,209.95,250gm
Saurbhi Sauce - Soya,"Chutney, Paste & Sauces",$2.36,128.03,220g
Kissan Mango Jam,"Chutney, Paste & Sauces",$5.48,297.29,500g
Mother's Recipe Dhaniya Pudina Chutney,"Chutney, Paste & Sauces",$5.77,313.02,260g
Sabrini - Tamarind Water,"Chutney, Paste & Sauces",$5.90,320.08,930ml
Saurbhi - Red Chilli Thecha,"Chutney, Paste & Sauces",$2.24,121.52,300g
Ching's Manchurian Stir Fry Sauce,"Chutney, Paste & Sauces",$4.07,220.8,250g
Ramdev Chutney Green Chilli,"Chutney, Paste & Sauces",$3.87,209.95,220g
Saurbhi Sauce - Green Chilli,"Chutney, Paste & Sauces",$2.36,128.03,220g
Veeba Jain Pasta & Pizza Sauce,"Chutney, Paste & Sauces",$5.97,323.87,400g
Ashoka Date & Tamarind Chutney,"Chutney, Paste & Sauces",$30.50,1654.62,5kg
Ashoka Garlic Paste,"Chutney, Paste & Sauces",$6.28,340.69,1kg
Jaipur Chutney - Khatti Mithi,"Chutney, Paste & Sauces",$3.78,205.06,400gm
Deep Bhakri- Methi,"Khakhara, Papad & Fryums",$3.75,203.44,200g
Induben Khakra - Chat,"Khakhara, Papad & Fryums",$2.99,162.21,200g
Saurbhi Bhakhari Khakhara - Jeera,"Khakhara, Papad & Fryums",$2.99,162.21,200g
Shanta G Khakhra Wheat Thins - Masala Magic,"Khakhara, Papad & Fryums",$2.99,162.21,150g
Ambika Appalam Papad,"Khakhara, Papad & Fryums",$3.21,174.14,175g
Saurbhi Khakhara - Jeera,"Khakhara, Papad & Fryums",$4.49,243.58,200g
Shanta G Bhakhri - Jeera (​Cumin),"Khakhara, Papad & Fryums",$2.99,162.21,200g
Marathi Swaad Potato Red Chilli Papad,"Khakhara, Papad & Fryums",$4.00,217.0,200g
Yash Dry Garlic Papad,"Khakhara, Papad & Fryums",$2.81,152.44,200g
Saurbhi Bhakhari Khakhara - Methi,"Khakhara, Papad & Fryums",$2.99,162.21,200g
Ambika Appalam Papad,"Khakhara, Papad & Fryums",$4.07,220.8,265g
Deep Khakhara - Pizza,"Khakhara, Papad & Fryums",$2.99,162.21,180g
Deep Khakhara - Ragi Coriander,"Khakhara, Papad & Fryums",$2.99,162.21,200g
Shanta G Bhakhri - Masala,"Khakhara, Papad & Fryums",$2.99,162.21,200g
Induben Khakhara - Plain,"Khakhara, Papad & Fryums",$2.99,162.21,200g
Deep Khakhara - Math,"Khakhara, Papad & Fryums",$2.99,162.21,200g
Induben Khakhra - Mexican,"Khakhara, Papad & Fryums",$2.99,162.21,200g
Marathi Swaad Nachani Papad,"Khakhara, Papad & Fryums",$2.59,140.51,100g
Induben Khakhra Handmade - Methi,"Khakhara, Papad & Fryums",$4.99,270.71,200g
Deep Khakhara - Chatpat,"Khakhara, Papad & Fryums",$2.99,162.21,180g
Mother's Pride Khichiya Small - Red Chilli,"Khakhara, Papad & Fryums",$2.08,112.84,200g
Yash Jeera Papad,"Khakhara, Papad & Fryums",$2.49,135.08,200g
Maniarr's Khakhra - Ragi,"Khakhara, Papad & Fryums",$2.99,162.21,180g
Maniarr's Papad - Palin,"Khakhara, Papad & Fryums",$1.99,107.96,200g
Mother's Recipe Madras Appalam Papad,"Khakhara, Papad & Fryums",$3.00,162.75,200g
Deep Khakhara - Double Methi Masala,"Khakhara, Papad & Fryums",$2.99,162.21,200g
Deep Khakhara - Mathia,"Khakhara, Papad & Fryums",$2.99,162.21,180g
Deep Bhakri- Masala,"Khakhara, Papad & Fryums",$3.75,203.44,200g
Deep Khakhara - Bajri,"Khakhara, Papad & Fryums",$2.99,162.21,200g
Deep Khakhara - Chorafali,"Khakhara, Papad & Fryums",$2.99,162.21,180g
Induben Khakhara - Kothmir Marcha,"Khakhara, Papad & Fryums",$2.99,162.21,200g
Marathi Swaad Crispy Kurdai,"Khakhara, Papad & Fryums",$4.67,253.35,200g
Shanta G Khakhra Wheat Thins - Gol Gappa,"Khakhara, Papad & Fryums",$2.99,162.21,150g
Marathi Swaad Potato Plain Papad,"Khakhara, Papad & Fryums",$4.00,217.0,200g
Saurbhi Khakhara - Plain,"Khakhara, Papad & Fryums",$4.49,243.58,200g
Talod Papad - Single Mari,"Khakhara, Papad & Fryums",$2.15,116.64,200g
Maniarr's Khakhra - Bajri,"Khakhara, Papad & Fryums",$2.99,162.21,200g
Marathi Swad H/​M Appalam Papad,"Khakhara, Papad & Fryums",$2.80,151.9,180g
Saurbhi Fryums - Pipe (​Rice)​,"Khakhara, Papad & Fryums",$1.58,85.72,150g
Shanta G Bhakhri - Black Pepper (​Mari),"Khakhara, Papad & Fryums",$2.99,162.21,200g
Mother's Punjabi Masala Papad,"Khakhara, Papad & Fryums",$2.79,151.36,200g
Maniarr's Khakhra - Jeera,"Khakhara, Papad & Fryums",$2.99,162.21,200g
Marathi Swaad Crispy Onion Ring,"Khakhara, Papad & Fryums",$2.77,150.27,200g
Marathi Swaad Masala Papad,"Khakhara, Papad & Fryums",$3.88,210.49,180g
Marathi Swaad Udid Moong Papad,"Khakhara, Papad & Fryums",$3.57,193.67,180g
Saurbhi Fryums - Colour Tube,"Khakhara, Papad & Fryums",$1.65,89.51,200g
Deep Khakhara - Oats,"Khakhara, Papad & Fryums",$2.99,162.21,200g
Induben Khakhara - Fudina,"Khakhara, Papad & Fryums",$2.99,162.21,200g
Gulab Groundnut Oil,Oil & Ghee,"was $37.99


$34.99",2060.96,5ltr
Idhayam Sesame Oil,Oil & Ghee,$22.75,1234.19,2ltr
Sohna Mustard Oil,Oil & Ghee,$29.41,1595.49,5ltr
Appu Mustard Oil,Oil & Ghee,$12.87,698.2,2ltr
Cook Pure Ghee,Oil & Ghee,$16.88,915.74,800g
Fortune Sunflower Oil,Oil & Ghee,$54.99,2983.21,20ltr
Sohna Mustard Oil,Oil & Ghee,$6.25,339.06,1ltr
Appu Mustard Oil,Oil & Ghee,$2.86,155.16,200ml
Aithra Sesame Oil,Oil & Ghee,$49.40,2679.95,5ltr
Pattu Ghee 20lbs (​9.​),Oil & Ghee,$122.25,6632.06,072kg
Britannia Cow Ghee,Oil & Ghee,$76.08,4127.34,5Ltr
Saurbhi A2 Gir Cow Ghee,Oil & Ghee,$24.38,1322.62,500ml
Aithra Groundnut Oil,Oil & Ghee,$17.19,932.56,2ltr
Appu Sesame Seed Oil,Oil & Ghee,$3.15,170.89,200ml
Fs Allowrie Pure Ghee 1.​,Oil & Ghee,$40.00,2170.0,8kg
Cook Pure Ghee 1.​,Oil & Ghee,$31.18,1691.52,6kg
Fs Allowrie Pure Ghee,Oil & Ghee,$164.49,8923.58,10kg
Shuddh Ghee,Oil & Ghee,$130.83,7097.53,10 Ltr
Sharma Pure Ghee,Oil & Ghee,$24.88,1349.74,750ml
Gopalji Ghee 1.​,Oil & Ghee,$30.59,1659.51,6kg
Gopalji Ghee,Oil & Ghee,$16.25,881.56,700g
Patanjali Cow's Ghee,Oil & Ghee,$16.79,910.86,905g
Shuddh Ghee,Oil & Ghee,$17.77,964.02,1 Ltr
Cook Ghee,Oil & Ghee,$9.38,508.87,400gm
Patanjali Groundnut Oil,Oil & Ghee,$6.88,373.24,1ltr
Peanut Oil - Pagoda,Oil & Ghee,$5.31,288.07,500ml
Appu Sesame Seed Oil,Oil & Ghee,$48.80,2647.4,5ltr
Dalda Banaspati Ghee 2.​,Oil & Ghee,$18.57,1007.42,5kg
Grb Ghee,Oil & Ghee,$29.17,1582.47,1660ml
Aithra Cold Pressed Sesame Oil,Oil & Ghee,$5.63,305.43,500ml
GRB Ghee - Brown,Oil & Ghee,$14.70,797.47,830ml
Appu Groundnut Oil,Oil & Ghee,$4.50,244.12,500ml
Verka Ghee,Oil & Ghee,$32.50,1763.12,2ltr
Golden Temple Pure New Zealand Ghee 1.​,Oil & Ghee,$37.50,2034.38,6l
Gowardhan Ghee,Oil & Ghee,$21.20,1150.1,1ltr
Oh Organic Peanut (​Groundnut) Oil,Oil & Ghee,"was $41.99


$39.99",2277.96,5ltr
Seetar's Pure New Zealand Ghee,Oil & Ghee,"was $129.99


$124.99",7051.96,10ltr
Sabrini Ghee,Oil & Ghee,"was $18.99


$15.99",1030.21,850ml
Golden Temple Pure New Zealand Ghee,Oil & Ghee,$19.38,1051.36,800ml
Sunflower Oil - Miller,Oil & Ghee,$15.87,860.95,2ltr
Satva Sesame Seed Oil,Oil & Ghee,"was $11.49


$10.49",623.33,1ltr
Vegetable Oil - Amrit,Oil & Ghee,$8.75,474.69,2ltr
Vegetable Oil - Dhara,Oil & Ghee,$15.63,847.93,5ltr
Patanjali Mustard Oil,Oil & Ghee,$32.55,1765.84,5ltr
Tirupati Mustard Oil,Oil & Ghee,"was $4.49


$3.49",243.58,500ml
Cardia Gingelly Oil Cold Pressed,Oil & Ghee,$11.19,607.06,1ltr
Grb Ghee,Oil & Ghee,$89.70,4866.23,5ltr
Patanjali Cow Ghee,Oil & Ghee,$78.99,4285.21,5ltr
Cashew Prem Whole - Saurbhi,Dry Fruits & Nuts,$12.29,666.73,500g
Viya Pista Whole,Dry Fruits & Nuts,$5.33,289.15,100g
Viya Peanut Red Spanish,Dry Fruits & Nuts,$4.20,227.85,500g
Jan Dried Dates,Dry Fruits & Nuts,$6.00,325.5,400g
Saurbhi Desiccated Coconut,Dry Fruits & Nuts,$2.57,139.42,200g
Bansari Dry Apricots,Dry Fruits & Nuts,$4.40,238.7,200g
Mixed Nuts - M & J,Dry Fruits & Nuts,$4.70,254.98,250g
Jan Dried Plums,Dry Fruits & Nuts,$6.00,325.5,200g
Siafa Ajwa Dates,Dry Fruits & Nuts,$12.99,704.71,400g
Viya Sultana Green,Dry Fruits & Nuts,$12.00,651.0,1kg
Mixed Nuts - M & J,Dry Fruits & Nuts,$8.99,487.71,500g
Saurbhi Peanut In Shell,Dry Fruits & Nuts,$6.60,358.05,500g
Siafa Ajwa Dates,Dry Fruits & Nuts,$24.99,1355.71,800g
Siafa Khudri Dates,Dry Fruits & Nuts,$8.49,460.58,400g
Siafa Khudri Dates,Dry Fruits & Nuts,$15.99,867.46,800g
Siafa Safawi Dates,Dry Fruits & Nuts,$12.99,704.71,400g
Siafa Safawi Dates,Dry Fruits & Nuts,$24.99,1355.71,800g
Brook Bond Red Label,Tea & Drink Mixes,$8.99,487.71,450g
Cothas Cotha Blend Coffee,Tea & Drink Mixes,$8.69,471.43,500g
Haldiram Thandai Kesariya,Tea & Drink Mixes,$10.31,559.32,750ml
Haldiram's Mango syrup,Tea & Drink Mixes,$5.75,311.94,750ml
Haldiram's saffron & Badam Syrup,Tea & Drink Mixes,$10.94,593.5,750ml
Nescafe Sunrise Coffee,Tea & Drink Mixes,$12.44,674.87,200g
Tang Mango,Tea & Drink Mixes,$6.08,329.84,375g
Tata Tea Ginger Bags,Tea & Drink Mixes,$4.77,258.77,100g
Brahmins Ginger Coffee,Tea & Drink Mixes,$2.33,126.4,100g
Spicebreakers Masala Tea Premix,Tea & Drink Mixes,$5.19,281.56,210g
Tang Orange,Tea & Drink Mixes,$6.08,329.84,375g
Charlie Sharbat - Pan Shot Best Before - 30/​04/​2024,Tea & Drink Mixes,"was $5.49


$4.49",297.83,500ml
CFC Masala Chai,Tea & Drink Mixes,$6.79,368.36,200g
Coorg Deluxe Coffee,Tea & Drink Mixes,$8.69,471.43,500g
Coorg Speciality Coffee,Tea & Drink Mixes,$8.69,471.43,500g
Glucon-D Original,Tea & Drink Mixes,$6.43,348.83,500g
Narasu's Delite,Tea & Drink Mixes,$6.56,355.88,500g
Qarshi Johar Joshanda Instant Herbal Tea Mix 30 Sachets (​ each),Tea & Drink Mixes,$6.19,335.81,5g
Brook Bond 3 Roses,Tea & Drink Mixes,"was $25.00


$20.00",1356.25,1kg
Brook Bond Taj Mahal Tea,Tea & Drink Mixes,$17.83,967.28,900g
Girnar Royal Tea - Jar,Tea & Drink Mixes,$11.46,621.71,908g
Bru Coffee - Pure,Tea & Drink Mixes,$5.49,297.83,100g
Narasu Udayam,Tea & Drink Mixes,$8.69,471.43,500g
Tata Tea Premium,Tea & Drink Mixes,$14.99,813.21,1kg
Bru Original Coffee,Tea & Drink Mixes,$6.43,348.83,200g
Charlie Sharbat - Kashmiri Gulab 500m Best Before - 30/​04/​2024,Tea & Drink Mixes,"was $5.49


$4.49",297.83,30g
Tang Lemon,Tea & Drink Mixes,$5.49,297.83,500g
Brook Bond Red Label N/​C,Tea & Drink Mixes,$10.00,542.5,500g
Bru Coffee - Pure,Tea & Drink Mixes,$9.99,541.96,200g
Dh Ginger Coffee,Tea & Drink Mixes,$3.99,216.46,150g
Haldiram's Kala Khatta Syrup,Tea & Drink Mixes,$6.57,356.42,700ml
Narasu's Anandham,Tea & Drink Mixes,$7.44,403.62,500g
Tang Mango,Tea & Drink Mixes,$9.38,508.87,750g
Bru Coffee - Platina,Tea & Drink Mixes,$8.87,481.2,150g
Charlie Sharbat - Red Rose Best Before - 30/​04/​2024,Tea & Drink Mixes,"was $5.49


$4.49",297.83,500ml
Cothas Coffee,Tea & Drink Mixes,$4.29,232.73,200g
Girnar Tea Bag - Ginger 36 Tea Bags,Tea & Drink Mixes,$7.50,406.88,36g
Mahalaxmi Instant - Masala Chai with Sugar,Tea & Drink Mixes,$13.11,711.22,500g
Narasu's Dhivyam,Tea & Drink Mixes,$7.44,403.62,500g
Tang Mango,Tea & Drink Mixes,$9.38,508.87,750g
Tang Pineapple,Tea & Drink Mixes,$5.64,305.97,375g
Tata Tea Premium,Tea & Drink Mixes,$6.88,373.24,400g
Avt Premium Leaf Tea,Tea & Drink Mixes,$13.27,719.9,1kg
Charlie Sharbat - Chandan Kesar 500m Best Before - 30/​04/​2024,Tea & Drink Mixes,"was $5.49


$4.49",297.83,30g
Charlie Sharbat - Royal Faluda 500m Best Before - 30/​04/​2024,Tea & Drink Mixes,"was $5.49


$4.49",297.83,30g
Divya Herbal Peya,Tea & Drink Mixes,$4.70,254.98,50g
Lal Qilla Diabetic Rice,Rice & Atta,$23.02,1248.84,5kg
Punjab Multigrain Atta,Rice & Atta,$12.72,690.06,5kg
Daawat Select Basmati Rice,Rice & Atta,$81.85,4440.36,20kg
Sahyadri Indrayani Rice,Rice & Atta,$29.26,1587.36,5kg
Banno Sella Basmati Rice,Rice & Atta,$17.99,975.96,5kg
Daawat Golden Sella,Rice & Atta,$60.98,3308.16,20kg
Alishaan Long Grain Rice,Rice & Atta,$18.52,1004.71,5kg
Banno Basmati Rice,Rice & Atta,$5.15,279.39,1kg
G Ma's Matta Rice,Rice & Atta,$23.93,1298.2,10kg
Royal Gold Multigrain Atta,Rice & Atta,$20.71,1123.52,10kg
Bansari Rice - Ponni Boiled,Rice & Atta,$13.99,758.96,5kg
India Gate Sella Rice,Rice & Atta,$70.11,3803.47,20kg
Pramukh Classic Rice,Rice & Atta,$17.49,948.83,5kg
Shaan Epanjab Sharbati Atta,Rice & Atta,$14.16,768.18,5kg
Taj Everyday Rice,Rice & Atta,$14.81,803.44,5kg
Bansari Rice - Ponni Raw,Rice & Atta,$3.49,189.33,1kg
Kaveri Rice - Sona Masoori,Rice & Atta,$32.18,1745.76,10kg
A One Whole Wheat Flour,Rice & Atta,$9.45,512.66,5kg
Banno Basmati Rice,Rice & Atta,$43.52,2360.96,10kg
Daawat Brown Rice,Rice & Atta,$5.65,306.51,1kg
Hari Om Foods Ambemohar Rice,Rice & Atta,$28.97,1571.62,5kg
Idly Rice - Indya,Rice & Atta,$79.64,4320.47,25kg
G Ma's Matta Rice,Rice & Atta,$13.31,722.07,5kg
Royal Gold Atta M/​G,Rice & Atta,$11.90,645.58,5kg
Taj Divine Basmati Rice,Rice & Atta,$18.67,1012.85,5kg
Elite Chakki Atta,Rice & Atta,$11.58,628.22,5kg
Elite Chakki (​Wheat) Atta,Rice & Atta,$22.53,1222.25,10kg
Sun Grow Jasmine Rice,Rice & Atta,$12.58,682.46,5kg
Saurbhi Gujarat 17 Rice,Rice & Atta,$19.31,1047.57,5kg
Parliament Low Gi Rice,Rice & Atta,$16.98,921.17,5kg
Alishaan Long Grain B Rice,Rice & Atta,$12.36,670.53,5kg
Daawat Devaaya,Rice & Atta,$57.50,3119.38,20kg
Grewal Gluten Free Atta,Rice & Atta,$24.84,1347.57,5 Kg
Lal Qilla Marriage Spc Rice,Rice & Atta,"was $59.99


$51.99",3254.46,20kg
Parliament Gold Basmati Rice,Rice & Atta,$18.17,985.72,5kg
Punjab Chakki Atta,Rice & Atta,$10.90,591.33,5kg
Taj Premium Rice,Rice & Atta,$17.49,948.83,5kg
Taj Royal Basmati Rice,Rice & Atta,$21.89,1187.53,5kg
Golden Qilla Traditional Basmati Rice,Rice & Atta,$25.12,1362.76,5kg
Hari Om Foods Surti Kolam Rice,Rice & Atta,$28.97,1571.62,5kg
Taj King Golden Parboiled,Rice & Atta,$5.03,272.88,1kg
Taj Nutri Brown Basmti Rice 2.​5k,Rice & Atta,$9.31,505.07,2g
Bansari Rice - Palakkadan Matta Red Parboiled,Rice & Atta,$2.99,162.21,1kg
India Gate Bemisal Rice +​1.​25,Rice & Atta,$20.60,1117.55,5kg
Indya Royal Crown Basmat Rice,Rice & Atta,$18.52,1004.71,5kg
Bansari Rice - Ambemohar,Rice & Atta,$27.99,1518.46,5kg
Daawat Classic (​Chef's Sectertz) Rice,Rice & Atta,"was $64.99


$57.99",3525.71,20kg
Mother's Pride Dal - Udad Split White,Lentils,$4.56,247.38,1kg
Saurbhi Dal - Urid Split (​with skin),Lentils,$4.16,225.68,1kg
Viya Dal - Red Lentil Split,Lentils,$2.98,161.66,1kg
Mother's Pride Dal - White Peas,Lentils,$3.57,193.67,1kg
Saurbhi Dal - Jammu Kidney Beans,Lentils,$4.12,223.51,1kg
Pattu Dal - Udad Whole White,Lentils,$5.04,273.42,1kg
Viya Dal - Moong Chilka,Lentils,$3.70,200.73,1kg
Jk Dal - Chana Dhall,Lentils,$2.82,152.98,1kg
Pattu Dal - Mung Beans Celera,Lentils,$4.39,238.16,1kg
Pattu Dal - Udad Split Black,Lentils,$4.90,265.83,1kg
Pattu Dal - Mung Masoor Mix,Lentils,$3.83,207.78,1kg
Jk Dal - Chick Peas Tyson (​Black Chana),Lentils,$2.08,112.84,1kg
Mother's Pride Dal - Mixed Dhall,Lentils,$4.48,243.04,1kg
Mother's Pride Dal - Mung Split With Skin,Lentils,$4.60,249.55,1kg
Pattu Dal - Channa Dhall,Lentils,$5.49,297.83,2kg
Viya Dal - Tyson Chick Pea,Lentils,$2.24,121.52,1kg
Mother's Pride Dal - Udad Split Black,Lentils,$4.48,243.04,1kg
Jk Dal - Red Kidney Beans Light,Lentils,$5.61,304.34,1kg
Pattu Dal - Mung Beans Berken,Lentils,$6.81,369.44,2kg
Pattu Dal - Mung Dhall Indian,Lentils,$17.24,935.27,5kg
Mother's Pride Dal - Udad Whole Black,Lentils,$5.23,283.73,1kg
Jk Dal - Masoor Whole (​Black Lentil),Lentils,$2.99,162.21,1kg
Pattu Dal - Red Kidney Beans Light,Lentils,$10.06,545.76,2kg
Jk Dal - Black Urid Whole,Lentils,$4.23,229.48,1kg
Mother's Pride Dal - Red Split Lentils,Lentils,$3.22,174.68,1kg
Pattu Dal - White Peas,Lentils,$3.22,174.68,1kg
Viya Dal - Red Kidney Beans Light,Lentils,$5.17,280.47,1kg
Saurbhi Dal - White Peas Vat,Lentils,$3.15,170.89,1kg
Pattu Dal - Blue Peas Whole,Lentils,$3.45,187.16,1kg
Viya Dal - Black Eye Beans,Lentils,$6.81,369.44,1kg
Pattu Dal - Chick Peas Kabuli,Lentils,$7.22,391.68,2kg
Pattu Dal - Mung Split With Skin,Lentils,$8.38,454.62,2kg
Pattu Dal - Red Kidney Beans Dark,Lentils,$10.48,568.54,2kg
Saurbhi Dal - Chickpeas Tyson (​Black Chana),Lentils,$4.33,234.9,2kg
Saurbhi Dal - Mung Dal Yellow,Lentils,$7.69,417.18,2kg
Pattu Dal - Channa Dhall,Lentils,$12.12,657.51,5kg
Mother's Pride Dal - Dark Red Kidney Bean,Lentils,$5.46,296.2,1kg
Saurbhi Dal - Chana Dal,Lentils,$4.18,226.76,2kg
Pattu Dal - Udad Dhall White,Lentils,$9.01,488.79,2kg
Mother's Pride Dal - Masoor Mung Mix,Lentils,$4.20,227.85,1kg
Viya Dal - Red Lentil Whole,Lentils,$2.59,140.51,1kg
Jk Dal - Moong & Masoor,Lentils,$4.23,229.48,1kg
Jk Dal - Urid Gota,Lentils,$6.14,333.1,1kg
Pattu Dal - Chick Peas Tyson,Lentils,$4.03,218.63,2kg
Saurbhi Dal - Chickpeas Premium,Lentils,$6.75,366.19,2kg
Mother's Pride Dal - Whole Red Lentils,Lentils,$3.01,163.29,1kg
Mother's Pride Dal - Light Red Kidney Bean,Lentils,$5.53,300.0,1kg
Pattu Dal - Mung Beans Berken,Lentils,$15.31,830.57,5kg
Marathi Swaad Shengdana Ladoo,Fasting Items,$3.91,212.12,200g
Mt Peanut Candy Bar,Fasting Items,$4.03,218.63,200g
Thulasi Peanuts Ball,Fasting Items,$4.32,234.36,150g
MT Puffed Rice Laddu,Fasting Items,$4.32,234.36,300g
Gajanand Moraiyo,Fasting Items,$3.96,214.83,500g
Indya Gajak Shalimar,Fasting Items,$7.49,406.33,400g
Marathi Swad Gond Ladoo,Fasting Items,$8.23,446.48,200g
Mt Gingelly Balls,Fasting Items,$4.03,218.63,200g
Thulasi Sesame Ball,Fasting Items,$4.32,234.36,150g
Gajanand Moraiyo,Fasting Items,$7.45,404.16,908g
Gajanand Sabudana,Fasting Items,$4.87,264.2,908g
Indya Farali Fryums Spiral Small,Fasting Items,$3.14,170.34,200g
Indya Potato Wafer Plain,Fasting Items,$4.63,251.18,200g
Indya Til Khasta,Fasting Items,$6.91,374.87,350g
Indya Til Roll,Fasting Items,$6.47,351.0,300g
Marathi Swaad Shengdana Wadi,Fasting Items,$4.44,240.87,200g
MT Gingelly Balls Blacks,Fasting Items,$4.03,218.63,200g
Mth Sago Chakli- Grn Chilli,Fasting Items,$5.86,317.91,200g
Thulasi Coco Bites,Fasting Items,$4.32,234.36,150g
Thulasi Palm Jaggery Peanut Candy,Fasting Items,$6.05,328.21,150g
Thulasi Peanuts Bites,Fasting Items,$4.32,234.36,150g
Godrej Exp Cream Hair Colour Dark Brown,Cosmetic,$1.74,94.4,40g
Himalaya Kajal Cone,Cosmetic,$2.18,118.27,1g
Dabur Amla Hair Oil,Cosmetic,$9.50,515.38,500ml
Dabur Pudin Hara,Cosmetic,$2.50,135.62,30ml
Godrej Nupur Mehendi,Cosmetic,$3.57,193.67,150g
Godrej Expert Cream Hair Clour N/​Blk,Cosmetic,$1.96,106.33,20g
Himalaya Clear Complexion Face Wash Whitening,Cosmetic,$5.62,304.88,100ml
Neem Oil - Ashwin,Cosmetic,$3.86,209.4,100ml
Eno Orange,Cosmetic,$5.99,324.96,100g
Hesh Amla Powder,Cosmetic,$3.02,163.84,100g
Patanjali Eye Drop Best Before - 29/​02/​2024,Cosmetic,$2.59,140.51,10ml
Boroline Night Repair Cream,Cosmetic,$2.99,162.21,40g
Fem Pink Bleach - Saffron & Milk Net Weight,Cosmetic,$4.76,258.23,64g
Dabur Honitus Cough Syrup,Cosmetic,$4.96,269.08,100ml
Himalaya Face Wash - Neem,Cosmetic,$4.99,270.71,100ml
Himalaya Gentle Exfoliating Face Wash Daily,Cosmetic,$5.66,307.06,100ml
Kayam Churan,Cosmetic,$3.73,202.35,100gm
Parachute Coconut Oil,Cosmetic,$15.04,815.92,1ltr
Eno Lemon - Sachets,Cosmetic,$0.59,32.01,5g
Godrej Exp Cream Hair Colour Natural Brown +,Cosmetic,$1.63,88.43,20g
Godrej Nupur Henna,Cosmetic,$13.99,758.96,1kg
Kalonji (​Black Seed) Oil,Cosmetic,$7.85,425.86,100ml
Neem Toothpaste,Cosmetic,$4.76,258.23,200g
Boro Plus Cream,Cosmetic,$3.46,187.7,40g
Godrej Cinthol Fresh - Red,Cosmetic,$2.03,110.13,100g
Hesh Shikakai Powder,Cosmetic,$3.45,187.16,100g
Lakme Eyeconic Kajal Deep Black 0.​,Cosmetic,$6.99,379.21,35g
Sleek Cold Wax,Cosmetic,$6.99,379.21,600g
Eno Regular - Sachets,Cosmetic,$0.59,32.01,5g
Indulekha Bringha Hair Oil,Cosmetic,$17.77,964.02,100ml
Patanjali Almond Hair Oil,Cosmetic,$4.32,234.36,100ml
Patanjali Giloy Ghanvati 60 N,Cosmetic,$6.83,370.53,60g
Clove Oil Oil - Ashwin,Cosmetic,$2.61,141.59,20ml
Hesh Arithai Powder,Cosmetic,$2.51,136.17,100g
Himalaya Ashvagandha Teblets,Cosmetic,$7.46,404.7,60pcs
Mysore Sandal Soap,Cosmetic,$3.69,200.18,150g
Bajaj Almond Hair Oil,Cosmetic,$5.00,271.25,190ml
Camphor Oil - Ashwin,Cosmetic,$4.32,234.36,100ml
Himalaya Triphala Tablets,Cosmetic,$7.75,420.44,60pcs
Dabur Gulabari - Spray,Cosmetic,$3.59,194.76,100ml
Dabur Miswak + FREE,Cosmetic,$4.92,266.91,120g
Fair & Lovely Glow & Lovely Advanced Multi Vitamin,Cosmetic,$5.24,284.27,50g
Godrej Cinthol Original x 4pk,Cosmetic,$6.49,352.08,100g
Vicks Vaporub,Cosmetic,$4.99,270.71,50ml
Plastic Containers Rectangular X With Lid,Serviettes & Party Needs,$11.28,611.94,1000ml
Plastic Containers Rectangular X,Serviettes & Party Needs,$11.80,640.15,750ml
Plastic Round Container 8oz,Serviettes & Party Needs,$3.89,211.03,50pcs
Wooden Fork,Serviettes & Party Needs,$4.14,224.59,100pcs
16oz Round Bowl,Serviettes & Party Needs,$6.45,349.91,50pcs
6oz Coffee Cup,Serviettes & Party Needs,$9.79,531.11,50pcs
Black 4oz Coffe Cups,Serviettes & Party Needs,$4.03,218.63,50pcs
Equasafe 6cp Meal Tray,Serviettes & Party Needs,$17.66,958.06,25 Pcs
Equosafe 9 Compt Plate,Serviettes & Party Needs,$19.87,1077.95,25pcs
Europack 3com 9inch Rnd Plt,Serviettes & Party Needs,$4.67,253.35,25p
Europack 4 Compartment 12 inch Round Plate,Serviettes & Party Needs,$7.26,393.85,25pcs
Flexi Rectangular Container,Serviettes & Party Needs,$5.01,271.79,10pcs
Flexi Round Container,Serviettes & Party Needs,$4.14,224.59,10pcs
M & M 10 Inch Round Plate,Serviettes & Party Needs,$6.49,352.08,25pcs
Plastic Bowls Rnd 5 Inch,Serviettes & Party Needs,$7.77,421.52,40pcs
Plastic Cups,Serviettes & Party Needs,$1.71,92.77,270ml
Round Plate 10 inch 260mm,Serviettes & Party Needs,$11.23,609.23,10g
Spark 8 Compartment Plate,Serviettes & Party Needs,$15.71,852.27,25pcs
Take Away Container Round,Serviettes & Party Needs,$2.86,155.16,1000ml
Take Away Container Round,Serviettes & Party Needs,$2.04,110.67,750ml
Kalpana - Rose Incense,Pooja Items,$2.91,157.87,140g
Whole Jav With Skin,Pooja Items,$3.43,186.08,500g
Havan Samagri - Devi Darbar,Pooja Items,$6.88,373.24,450g
Cycle Heritage Radiant Rose Incense Stick with Match Box,Pooja Items,$3.05,165.46,92g
Hari Darshan Sopari,Pooja Items,$2.86,155.16,7pcs
Kalpana - Orchid Incense,Pooja Items,$2.91,157.87,130g
Vaidik - Attar Premium Incense Stick,Pooja Items,$2.42,131.28,140g
Khushboo Loban Crush,Pooja Items,$2.45,132.91,100g
Lia Incense Stick - Jas,Pooja Items,$3.05,165.46,90g
Hari Darshan Haldi Kum Kum,Pooja Items,$2.86,155.16,50g
Hari Darshan Haldi Powder,Pooja Items,$2.86,155.16,50g
Lia Incense Stick - Prime Rose,Pooja Items,$3.05,165.46,90g
Shah Loban Dhoop Dabbi,Pooja Items,$5.18,281.02,100g
Cycle Ins Stk Liya - Chandan 107,Pooja Items,$4.28,232.19,107g
Cycle Sugandha Mallika Incense Stick with Match Box,Pooja Items,$3.05,165.46,95g
Hari Darshan Chandan Powder White,Pooja Items,$2.86,155.16,50g
Indya Smokeless Camphor,Pooja Items,$4.60,249.55,100g
Kalpana - Lavender Incense,Pooja Items,$2.91,157.87,130g
Mataji Chunri Red 1 Mtr,Pooja Items,$11.50,623.88,1g
Shah Meditation Dhoop Dabbi,Pooja Items,$5.18,281.02,100g
Swaha Akhand Jyot Red,Pooja Items,$5.48,297.29,100pcs
Swaha Akhand Jyot White,Pooja Items,$5.48,297.29,100pcs
Cycle Heritage Incense Sticks with Math Box,Pooja Items,$3.05,165.46,92g
Cycle Sandalum Incense Stick with Match Box,Pooja Items,$3.05,165.46,85g
Gangotri Gau Mutra,Pooja Items,$2.01,109.04,100ml
Om Shanthi Vibhuti,Pooja Items,$2.18,118.27,40g
Pooja Abil Powder,Pooja Items,$1.54,83.54,50g
Pooja Clay Matali,Pooja Items,$7.96,431.83,1pcs
Shah Royal Oudh Sticks,Pooja Items,$4.34,235.44,100g
Gangajal For Pooja (​holy Water),Pooja Items,$4.51,244.67,250ml
Hari Darshan Kum Kum,Pooja Items,$2.86,155.16,50g
Shah Rajwadi Chandan Stick,Pooja Items,$4.32,234.36,50g
Deep Shakti Pooja Oil,Pooja Items,$5.17,280.47,450ml
Eatco Jau,Pooja Items,$1.13,61.3,100g
Fancy Chunari 10x15 Inch Am-65,Pooja Items,$4.58,248.46,65g
Morning Fresh Dishwashing Liquid Original,Washing & Cleaning Needs,$3.93,213.2,400 Ml
Patanjali Super Dishwash Bar,Washing & Cleaning Needs,$1.49,80.83,145g
Woolworths Floral Burst Supreme Washing Powder,Washing & Cleaning Needs,$3.70,200.73,1kg
Xtra Kleen Oven & Grill Cleaner,Washing & Cleaning Needs,$4.49,243.58,396g
Hot Water Bottle 1.​7lt,Washing & Cleaning Needs,$8.78,476.31,1g
Morning Fresh Dishwashing Liquid Raspberry And Crisp Apple,Washing & Cleaning Needs,$7.07,383.55,900ml
Spark Plastic Floor Mat No 4,Washing & Cleaning Needs,$16.94,919.0,4g
X Kleen Kitchen Tidy Bags 35 Bag,Washing & Cleaning Needs,$2.91,157.87,35g
Lunch Bags 40 Bags,Washing & Cleaning Needs,$2.42,131.28,40g
Max Lemon Dish Wash Liquid,Washing & Cleaning Needs,$4.29,232.73,475ml
Morning Fresh Super Concentrate Dishwashing Liquid Lime Fresh,Washing & Cleaning Needs,$7.07,383.55,900 Ml
Mysore Sandal Kleenol,Washing & Cleaning Needs,$7.07,383.55,1ltr
Surf Excel Washing Powder Pearls,Washing & Cleaning Needs,$9.04,490.42,1kg
Ultrakleen Laundry Pwr,Washing & Cleaning Needs,$2.57,139.42,500g
Vim Lemon Dishwash Liquid,Washing & Cleaning Needs,$6.75,366.19,750ml
Xtra Kleen Mop Bucket With Wringer,Washing & Cleaning Needs,$9.99,541.96,10ltr
Xtra Kleen Sugar Soap Cleaner,Washing & Cleaning Needs,$4.99,270.71,500ml
Xtra Kleen Vinegar Cleaner,Washing & Cleaning Needs,$4.99,270.71,500ml
Bonus Tristar Powder,Washing & Cleaning Needs,$23.57,1278.67,5kg
Bright Max Powder,Washing & Cleaning Needs,$20.43,1108.33,3kg
Cleaner Anti Bacterial Spray,Washing & Cleaning Needs,$2.73,148.1,500ml
Cold Power Clean & Fresh Laundry Deterent 1.​,Washing & Cleaning Needs,$14.28,774.69,8kg
Stainless Steel Tope With Lid 1.​,Utensils,$18.06,979.75,8L
Steel Parat No 18,Utensils,$12.65,686.26,18g
Vinod Idli Stand 4 Plate,Utensils,$20.83,1130.03,4g
Vinod Multi Stainless Steel Pot Idli & Dhokla 3 Plates,Utensils,$70.84,3843.07,3g
13.​5 Cm Plastic Strainer,Utensils,$2.17,117.72,13g
Wonderchef Glass Oil Pourer Transparent/​Green or Red,Utensils,$15.73,853.35,550ml
Wonderchef Non-stick 12 Cavity Appa Kara / Appam Patra with Handle 20 cms Grey/​Black,Utensils,$39.28,2130.94,12g
Hawkins Contura Black,Utensils,$59.78,3243.06,2 Ltr
Basting Ladle 28 X 7cm,Utensils,$3.36,182.28,28g
Curry Bowl 8.​5cm,Utensils,$3.36,182.28,8g
Hawkins Cooker - Classic,Utensils,$67.95,3686.29,4 Ltr
Hawkins Cooker - Classic New TALL - Aluminium,Utensils,$54.93,2979.95,3 Ltr
Hawkins Idli Stand Cook 12 Idlis To Fit In Cooker,Utensils,$14.93,809.95,5Ltr
Marble Mortan N Pestle 12 X 13cm,Utensils,$16.19,878.31,12g
Soda Spoon Set,Utensils,$3.36,182.28,4pcs
Wonderchef Stainless Steel Snacks Maker Sancha Machine with 12 Varied base plates,Utensils,$42.42,2301.29,12g
30cm Round 4 Compartment Tray - Dish,Utensils,$10.61,575.59,4g
Tiranga Herbal Holi Colour,Seasonal Items,$1.96,106.33,100gm
Diwali Diya No - 15,Seasonal Items,$5.99,324.96,4pcs
Diwali Diya No - 27,Seasonal Items,$5.99,324.96,4pcs
Festival Sticker 10inch Am-191,Seasonal Items,$1.68,91.14,191g
Flower Toran No - 23 Vfj,Seasonal Items,$24.72,1341.06,23g
Flower Toran No - 37 Vfij,Seasonal Items,$22.00,1193.5,37g
Flower Toran No 29 V Th T,Seasonal Items,$26.51,1438.17,29g
Holi Color Herbal Gulal,Seasonal Items,$10.98,595.67,1kg
Holi Mix Color Herbal,Seasonal Items,$10.98,595.67,1kg
Holi Mix Color Herbal,Seasonal Items,$6.58,356.96,500g
Marriage Pooja Bowl Am - 141,Seasonal Items,$6.82,369.98,141g
Minakari Rangoli 8x6inch Am-442,Seasonal Items,$5.50,298.38,442g
Moti Mala 8inch Am-795,Seasonal Items,$6.60,358.05,795g
Velvet Toran 3ft Am-531,Seasonal Items,$8.33,451.9,531g
Candle 50,Seasonal Items,$4.71,255.52,50g
Candle 60,Seasonal Items,$6.05,328.21,60g
Candle 65,Seasonal Items,$6.05,328.21,65g
Candle 80,Seasonal Items,$7.46,404.7,80g
Decorative Hanging each piece 60cm Hh-321,Seasonal Items,$7.68,416.64,321g
Decorative Hanging Hh 1618,Seasonal Items,$27.48,1490.79,1618g
Decorative Hanging Hh 453,Seasonal Items,$27.48,1490.79,453g
Decorative Hanging Hh 455,Seasonal Items,$21.98,1192.42,455g
Decorative Hanging Hh 456,Seasonal Items,$21.98,1192.42,456g
Decorative Hanging Toran - Rj-24,Seasonal Items,$16.48,894.04,24g
Diwali Diya 1pc No - 5,Seasonal Items,$9.99,541.96,5g
Diwali Diya No - 14,Seasonal Items,$6.99,379.21,4pcs
Fancy Indhoni Am - 135,Seasonal Items,$5.48,297.29,135g
Festival Sticker 10inch Am-192,Seasonal Items,$1.68,91.14,192g
Festival Sticker 2.​5inch Am-179,Seasonal Items,$10.28,557.69,2g
Festival Sticker 2.​5inch Am-180,Seasonal Items,$10.28,557.69,2g
Festival Sticker 2inch Am-163,Seasonal Items,$10.23,554.98,163g
Festival Sticker 2inch Am-166,Seasonal Items,$10.23,554.98,166g
Festival Sticker 2inch Am-167,Seasonal Items,$10.23,554.98,167g
Cherab's Besan Khatai,Biscuits,$6.58,356.96,300gm
Saurbhi Khari - Jeera,Biscuits,$6.58,356.96,200g
Cherab's Cookies - Ajwain,Biscuits,$6.58,356.96,320gm
Lotte Choco Pie,Biscuits,$6.49,352.08,18pcs
Mother's Pride Peanut Gajak,Biscuits,"was $5.49


$4.99",297.83,400g
Sartaj Atta Rusk,Biscuits,"was $13.73


$6.99",744.85,1kg
Saurbhi Khari - Masala,Biscuits,$6.58,356.96,200g
Viya Cookies - Atta,Biscuits,$6.58,356.96,300g
Britannia Cake Rusk Egg Less,Biscuits,$8.70,471.98,550g
Saurbhi Khari - Plain,Biscuits,$6.58,356.96,200g
Cadbury 5 Star,Biscuits,$0.99,53.71,22g
Cherab's Cookies - Jeera,Biscuits,$6.58,356.96,300gm
Parle 20-20 Gold Cashew & Almond Cookies 604.​,Biscuits,"was $7.49


$4.99",406.33,8g
Atul Cream Roll Vanilla,Biscuits,$1.08,58.59,50g
Britannia 50 - 50 Maska Chaska 6 X Value Pack,Biscuits,$7.76,420.98,62G
Britannia Treat Strawberry,Biscuits,$1.48,80.29,120g
Bansari Candy - Parle Kismi,Biscuits,$2.99,162.21,200g
Karachi Fruit Biscuits,Biscuits,$7.77,421.52,400g
Passpass Pulse Kachcha Aam Jar,Biscuits,$7.26,393.85,540g
Atul Cream Roll Chocolate,Biscuits,$1.08,58.59,50g
Atul Khari - Jeera(​Cumin),Biscuits,$2.73,148.1,200g
Cherab's Cookies - Badam Kaju,Biscuits,$6.58,356.96,300g
Karachi Chai Biscuits,Biscuits,$6.10,330.92,400g
Deep Sooji Rusk,Biscuits,$6.34,343.94,620g
Passpass Pulse Kachcha Aam Jar,Biscuits,$9.99,541.96,680g
Karachi Cashew Biscuits,Biscuits,$7.83,424.78,400g
Sartaj Atta Cookies,Biscuits,"was $15.38


$9.49",834.36,800g
Atul Khari - Crunchy Heart,Biscuits,$3.45,187.16,200g
Atul Surti Sada,Biscuits,$5.22,283.18,400g
Britannia Cream Wafer - Vanilla,Biscuits,$1.61,87.34,75g
Britannia Nutri Choice Oats Orange X 6,Biscuits,$7.88,427.49,75g
Dadima Gur Atta Cookies,Biscuits,$4.54,246.3,300g
Deep Nankhatai,Biscuits,$5.64,305.97,400g
Aayu's Chikki - Peanut,Biscuits,$3.99,216.46,200g
Bansari Candy - Parle Mango Bite,Biscuits,$2.99,162.21,200g
Britannia Cake - Double Chocolate,Biscuits,$5.42,294.03,250g
Britannia Cream Wafer - Orange,Biscuits,$1.61,87.34,75g
Cremica Cookies - Rich Butr,Biscuits,$10.97,595.12,720g
Crispeez Cookies - Gur Atta,Biscuits,$4.99,270.71,350g
Karachi Fruit & Cashew & Pista,Biscuits,$9.94,539.24,600g
Sartaj Saunf Rusk,Biscuits,"was $13.73


$6.99",744.85,1kg
Aayu's Chikki Rajgara Squar,Biscuits,$3.23,175.23,200g
Baker's Den Khari - Methi,Biscuits,$6.03,327.13,200g
Bansari Candy - Parle Melody,Biscuits,$2.99,162.21,200g
Cherab's Cake Rusk,Biscuits,$14.06,762.76,900gm
Cherab's Desi Ghee Cookies,Biscuits,$17.53,951.0,950g
Ikc Khari - Plain,Biscuits,$5.48,297.29,200g
Karachi Pista Biscuits,Biscuits,$7.90,428.58,400g
Apna Taste Rasmalai Pista,Sweets,$15.49,840.33,850gm
Desai Bandhu Pulp- H/​M Alphonso,Sweets,$10.67,578.85,850g
Grb Special Laddu,Sweets,"was $10.99


$9.99",596.21,340g
Haldiram White Rasbhari,Sweets,$103.53,5616.5,16kg
Haldiram's Rasgulla,Sweets,$23.79,1290.61,4kg
Satva Mangoras,Sweets,$5.71,309.77,450g
Super Soft Toilet Tissue 12 Roll,Sweets,$5.49,297.83,12g
Sweet - Bikaneri Burfi 1.​,Sweets,$44.16,2395.68,816kg
Sweet - Fancy Box 2,Sweets,$15.00,813.75,400g
Sweet - Gulab Jamun 14.​,Sweets,$95.44,5177.62,4kg
Sweet - Kesar Kaju Katli,Sweets,$40.38,2190.62,1kg
Sweet - Kesar Peda,Sweets,$21.48,1165.29,1kg
Sweet - Kesar Rabdi,Sweets,$23.65,1283.01,1kg
Sweet - Mathura Peda,Sweets,$24.83,1347.03,1kg
Sweet - Milk Cake 1.​,Sweets,$29.99,1626.96,816kg
Sweet - Mix Sweet Kaju Katli,Sweets,$21.66,1175.06,400g
Sweet - Plain Khoya,Sweets,$6.99,379.21,250g
Sweet - Punjabi Cham Cham Y1.​362,Sweets,$24.10,1307.43,362g
Sweet - Punjabi Cham Cham1.​,Sweets,$30.13,1634.55,362kg
Sweet - Sweet Dry Fruit Roll,Sweets,$19.07,1034.55,725g
Viya Gulab Jamun,Sweets,$5.99,324.96,1kg
Viya Rasgulla,Sweets,$5.99,324.96,1kg
Deep Frozen Veg - Green Mango,Frozen,$3.83,207.78,340g
Home Roots Iqf - Coconut Shreded,Frozen,"was $3.19


$2.19",173.06,312g
Haldiram Paratha - Aloo 4pc,Frozen,$7.07,383.55,400g
Vadilal Potato Veg Burger,Frozen,$5.48,297.29,360g
Deep Frozen Veg - Kantola,Frozen,$3.28,177.94,340g
Vadilal Jack Fruit Cuts,Frozen,$4.47,242.5,312g
Vadilal Chauli,Frozen,$3.28,177.94,312g
Deep Frozen Veg Red Onion,Frozen,$3.28,177.94,340g
Haldiram Samosa - Cocktail,Frozen,$9.42,511.04,500gm
Vadilal Baby Brinjal,Frozen,$3.28,177.94,312g
Katoomba Punjabi Samosa 25pc x Hot & Spicy,Frozen,$18.33,994.4,75g
Haldiram Paratha - Home Style,Frozen,$4.40,238.7,6pcs
Haldirams Phulka Roti,Frozen,$4.40,238.7,360gm
Haldiram Samosa - Punjabi,Frozen,$10.98,595.67,650g
Haldirams Naan Garlic x,Frozen,$4.40,238.7,400gm
Vadilal Potato Veg Fingers,Frozen,$5.48,297.29,400g
Haldiram Multi Grain Chapati 30pc,Frozen,$12.99,704.71,900gm
Sabrini Paneer Tikka Samosa,Frozen,$12.19,661.31,600g
Haldiram Pudina Chutney,Frozen,$6.21,336.89,400gm
Katoomba Punjabi Samosa 25pc x X 25,Frozen,$13.20,716.1,45g
Vadilal Green Chilli,Frozen,$7.13,386.8,908g
Vadilal Undhiyu Mix,Frozen,$4.33,234.9,312g
Haldiram Paratha - Muli,Frozen,$6.60,358.05,400g
Vadilal Sapota Slices,Frozen,$4.90,265.83,312g
Deep Frozen Veg - Surti Undhiu Mix,Frozen,$4.27,231.65,340g
Deep Puran Poli,Frozen,$4.38,237.61,4pcs
Home Roots Iqf - Sweet Corn,Frozen,"was $2.59


$1.59",140.51,500g
Sabrini Railway Cutlet,Frozen,$7.97,432.37,480g
Deep Frozen Chikoo,Frozen,$5.34,289.7,340g
Haldiram's Dal Kachori,Frozen,$8.06,437.26,420g
Haldiram's Paneer Aloo Kulcha,Frozen,$7.85,425.86,4pcs
Vadilal Alphonso Mango Slice,Frozen,$5.48,297.29,312g
Vadilal Sarson,Frozen,$3.28,177.94,312g
Vadilal Tindora,Frozen,$7.13,386.8,908g
Vadilal Valore Lilva,Frozen,$3.59,194.76,312g
Vadilal Potato Pops Chilli Garlic,Frozen,$5.48,297.29,420g
Vadilal Spring Roll Veg,Frozen,$5.50,298.38,350g
Ayers Rock Roasted Chicken,Frozen,$10.72,581.56,500g
Bhagwati's Methi Thepla,Frozen,$4.12,223.51,8 Pcs
Haldiram Bulk Chutney - Pudina,Frozen,$11.73,636.35,1kg
Saurbhi Iqf - Arvi,Frozen,$2.51,136.17,312g
Deep Frozen Veg - Amla Slice,Frozen,$3.16,171.43,283g
Vadilal Malai Paneer Cubes,Frozen,$22.39,1214.66,908g
Haldiram Wrap - Paneer Tikka,Frozen,$6.49,352.08,156g
Mother's Pride Mukhwas - Rim Zim,Mukhavas,$2.49,135.08,200g
Patanjali Amla Candy,Mukhavas,$8.31,450.82,500gm
Spark Dhana Dal,Mukhavas,$3.11,168.72,200g
Viya Dried Rose Petals,Mukhavas,$23.51,1275.42,500gm
Aayu's Boondi Plain,Snacks & Chips,$4.19,227.31,360gm
Balaji Snack - Chana Jor,Snacks & Chips,$3.29,178.48,250g
Lay's Chilli Lemon,Snacks & Chips,"was $2.08


$1.79",112.84,52g
Haldiram's Cornflakes Mix,Snacks & Chips,$5.20,282.1,350g
Deep Snack Fafda Best Before - 17/​05/​2024,Snacks & Chips,"was $5.23


$3.99",283.73,350g
Haldiram's Moorukku,Snacks & Chips,$2.71,147.02,150g
Kemchho Snack - Ratlami Sev,Snacks & Chips,$4.18,226.76,270g
Town Bus Snack - Thattai,Snacks & Chips,$3.93,213.2,170g
Das Snack - Papdi Ganthiya,Snacks & Chips,$4.94,268.0,250g
Kemchho Snack - Soya Stick,Snacks & Chips,$3.59,194.76,270g
Bikaji Snack - Bombay Mix,Snacks & Chips,"was $11.53


$8.99",625.5,1kg
Bikano Aloo Bhujia,Snacks & Chips,"was $11.53


$8.49",625.5,1kg
Malabar Treats Butter Murukku,Snacks & Chips,$6.02,326.58,454g
Bikano Snack - All Time Mixture,Snacks & Chips,"was $11.53


$8.49",625.5,1kg
Aayu's Banana Chips - Yellow,Snacks & Chips,$12.51,678.67,900g
Bikano Lajawab Mixture,Snacks & Chips,"was $11.53


$8.49",625.5,1kg
Aayu's Banana Chips - Mari (​Pepper),Snacks & Chips,$12.51,678.67,900g
Haldiram's Ratlami Mixture,Snacks & Chips,$4.18,226.76,200g
Kemchho Snack - Bhavnagri Ghathiya,Snacks & Chips,$4.18,226.76,270g
Aayu's Nylon Sev Fine,Snacks & Chips,$9.99,541.96,900g
Balaji Snack - Pop Ring Masala,Snacks & Chips,$1.48,80.29,65g
Haldiram's Moong Dal,Snacks & Chips,$12.25,664.56,1kg
Aayu's Tikha Gathiya,Snacks & Chips,$4.19,227.31,360g
Balaji Snack - Shing Bhujia,Snacks & Chips,$5.28,286.44,400g
Kemchho Snack - Dry Fruit Samosa,Snacks & Chips,$4.18,226.76,270g
Bikano Navratan Mixture,Snacks & Chips,"was $11.53


$8.49",625.5,1kg
Bikano Tasty Peanuts,Snacks & Chips,"was $11.53


$8.49",625.5,1kg
Kalyan Masala Banana Chips,Snacks & Chips,$4.18,226.76,200g
Amdavadi Nylon Sev,Snacks & Chips,$2.49,135.08,200g
Balaji Wafers- Chaat Chaska,Snacks & Chips,$3.41,184.99,135g
Kemchho Snack - Rajwadi Bhakharwdi,Snacks & Chips,$4.56,247.38,270g
Town Bus Snack - Masala Peanut,Snacks & Chips,$3.93,213.2,170g
Bikaji Snack - Chat Papdi,Snacks & Chips,$5.77,313.02,400g
Haldiram's Bhel Puri,Snacks & Chips,$15.06,817.0,1kg
Haldiram's Lemon Bhel,Snacks & Chips,$2.71,147.02,150g
Aayu's Mora Sev,Snacks & Chips,$4.19,227.31,360g
Balaji Snack - Chana Dal,Snacks & Chips,$5.23,283.73,400g
Bikaji Snack - Moong Dal,Snacks & Chips,"was $11.53


$8.99",625.5,1kg
Aayu's Bhel's Puri,Snacks & Chips,$9.99,541.96,900g
Haldiram's Methi Gathiya,Snacks & Chips,$3.13,169.8,150g
Malabar Treats Snack - Kozhikoden Banana Chips,Snacks & Chips,$15.38,834.36,908g
Balaji Snack - Sev Murmura,Snacks & Chips,$3.29,178.48,250g
Balaji Snack - Tikha Mitha,Snacks & Chips,$4.99,270.71,400g
Haldiram's Khatta Mitha,Snacks & Chips,$12.25,664.56,1kg
Malabar Treats Palak Murukku,Snacks & Chips,$6.02,326.58,454g
Balaji Snack - Classic Sev,Snacks & Chips,$5.23,283.73,400g
Malabar Treats Snack - Kozhikoden Banana Chips,Snacks & Chips,$9.43,511.58,454g
Town Bus Snack - Rice Kodubale,Snacks & Chips,$3.93,213.2,170g
Talod Gujarati Masala Khichdi,Instant Mix,$3.29,178.48,200g
Talod Khichu Mix,Instant Mix,$4.50,244.12,500g
Eastern Payasam Mix Wheat,Instant Mix,$3.65,198.01,200g
Kemchho Handvo Mix,Instant Mix,$3.18,172.52,400gm
Kemchho Khaman Mix,Instant Mix,$3.37,182.82,480g
Kemchho Rava Idli,Instant Mix,$3.18,172.52,400gm
Khushboo Falooda - Kesar Mix,Instant Mix,$2.00,108.5,200g
Laziza Kheer Khurma Mix With saffron,Instant Mix,$3.37,182.82,160g
Marathi Kharwas/​Junnu Premix Sugar,Instant Mix,$6.75,366.19,100g
Mtr Vermicelli Upma,Instant Mix,$3.18,172.52,160g
Ramdev Khaman Instant Mix,Instant Mix,$8.22,445.94,1kg
Khushboo Falooda - Mango,Instant Mix,$2.00,108.5,200g
Laziza Firni Khas,Instant Mix,$1.79,97.11,150g
Maharana Instant Khichiyu,Instant Mix,$2.80,151.9,200g
Mtr Masala Idli,Instant Mix,$2.10,113.93,500g
Saras Rice Powder,Instant Mix,$4.48,243.04,1kg
Satva Cold Coco Mix,Instant Mix,$4.50,244.12,250g
Shan Karahi Masala,Spice Mixes / Masala,$2.03,110.13,50g
Shan Punjabi Yakhni Pilau,Spice Mixes / Masala,$2.03,110.13,50g
Eastern Garam Masala,Spice Mixes / Masala,$4.56,247.38,100g
Everest Kutilal Chilli Powder,Spice Mixes / Masala,$3.34,181.2,200g
Mangal Biryani Pulao Masala,Spice Mixes / Masala,$1.66,90.06,50g
Marathi Swaad Haaliv Garden Cress,Spice Mixes / Masala,$4.90,265.83,100g
Marathi Swad Masala - Shengdana Chutney,Spice Mixes / Masala,$4.18,226.76,100g
Shan Bombay Biryani Mix,Spice Mixes / Masala,$14.70,797.47,600g
Shan Pav Bhaji,Spice Mixes / Masala,$2.03,110.13,100g
Eastern Chicken Masala,Spice Mixes / Masala,$4.06,220.25,160g
Marathi Swad Masala - Usal / Misal,Spice Mixes / Masala,$5.59,303.26,100g
Mdh Hyderabadi Biryani Masala,Spice Mixes / Masala,$2.63,142.68,50g
Brahmins Rasam Powder,Spice Mixes / Masala,$2.40,130.2,100g
Mdh T-Plus,Spice Mixes / Masala,$2.02,109.58,25gm
Shan Dahi Bara Chaat,Spice Mixes / Masala,$2.03,110.13,60g
Badshah Kitchen King Masala Best Before - 07/​02/​2024,Spice Mixes / Masala,$3.13,169.8,100g
Badshah Rajwadi Garam Masala,Spice Mixes / Masala,$3.13,169.8,100g
Mangal Meat Masala,Spice Mixes / Masala,$1.87,101.45,100g
BADSHAH BIRYANI PULAV MASALA,Spice Mixes / Masala,$3.13,169.8,100G
Mdh Tandoori BBQ Masala,Spice Mixes / Masala,$2.63,142.68,100gm
Shan Chappli Kabab Mix,Spice Mixes / Masala,$2.03,110.13,100g
Shan Pilau Biryani,Spice Mixes / Masala,$2.03,110.13,50g
Eastern Meat Masala,Spice Mixes / Masala,$4.06,220.25,160g
Everest Curry Powder,Spice Mixes / Masala,$2.02,109.58,100g
Everest Momo Masala,Spice Mixes / Masala,$2.50,135.62,100g
Mdh Kitchen King,Spice Mixes / Masala,$12.54,680.3,500gm
Shan Butter Chicken,Spice Mixes / Masala,$2.03,110.13,50g
Badshah Chicken Masala,Spice Mixes / Masala,$3.13,169.8,100g
BADSHAH TANDOORI CHICKEN MASALA,Spice Mixes / Masala,$3.13,169.8,100G
Everest Fish Curry Masala,Spice Mixes / Masala,$1.60,86.8,50g
Ramdev Coriander & Cumin Powder,Spice Mixes / Masala,$6.28,340.69,400g
Badshah Chana Masala Best Before - 07/​02/​2024,Spice Mixes / Masala,$3.13,169.8,100g
Shan Lahori Fish Mix,Spice Mixes / Masala,$2.03,110.13,100g
Badshah Paneer Butter Masala,Spice Mixes / Masala,$3.00,162.75,100g
Marathi Swaad Pav Bhaji Masala,Spice Mixes / Masala,$4.06,220.25,100g
Badshah Dry Mango Powder,Spice Mixes / Masala,$3.13,169.8,100g
Badshah Garam Masala,Spice Mixes / Masala,$3.13,169.8,100g
Marathi Swad Masala - Red Chilli Thecha,Spice Mixes / Masala,$2.90,157.32,100g
Mdh Madras Curry Powder,Spice Mixes / Masala,$2.74,148.65,100gm
Shan Karachi Beef Biryani Mix 75,Spice Mixes / Masala,$2.03,110.13,75g
Eastern Rasam Powder,Spice Mixes / Masala,$4.08,221.34,165g
Kapol Vada-Pav Masala,Spice Mixes / Masala,$2.69,145.93,100g
Mdh Chutney Podina Masala,Spice Mixes / Masala,$2.48,134.54,100g
Ramdev Pani Puri Masala,Spice Mixes / Masala,$1.12,60.76,50g
Shan Dal Masala Miix,Spice Mixes / Masala,$2.03,110.13,100g
Marathi Swad Masala - Kolhapuri Mutton,Spice Mixes / Masala,$4.18,226.76,100g
Marathi Swad Talani Sandagi Mirchi,Spice Mixes / Masala,$4.74,257.15,100g
BMC Meat Masala,Spice Mixes / Masala,$2.84,154.07,100g
Saurbhi Bay Leaves,Spices,$1.34,72.7,50g
Saurbhi Mustard Seeds,Spices,$9.05,490.96,1kg
Maharaja/​C Cardemom Brown,Spices,$3.11,168.72,15g
Mother's Pride Kali Jeeri,Spices,$2.37,128.57,100g
Poppy Seeds White - M & J,Spices,$11.50,623.88,500g
Saurbhi Poppy Seeds White,Spices,$4.93,267.45,200g
Saurbhi Dry Dates,Spices,$5.39,292.41,200g
Saurbhi Tamarind Seedless,Spices,$1.88,101.99,200g
Saurbhi Sesame Seed Natural,Spices,$3.28,177.94,200g
Mother's Pride Fenugreek Powder,Spices,$1.07,58.05,200g
Vandevi Hing,Spices,$1.95,105.79,50g
Indya Tamarind,Spices,$4.58,248.46,500g
Maharaja/​C Cinnamon Bark,Spices,$2.58,139.96,25g
Pattu Chilli Powder Kashmiri,Spices,$31.65,1717.01,1kg
Viya Black Cardamom,Spices,$4.91,266.37,100g
Cardemom Ground - M & J,Spices,$7.44,403.62,100g
Saurbhi Mustard Seeds Crushed,Spices,$2.00,108.5,200g
Cinnamon (​Cassia) Whole - M & J,Spices,$10.26,556.6,500g
Pattu Coriender Powder,Spices,$3.26,176.86,200g
Saurbhi Coriander Powder,Spices,$11.50,623.88,1kg
Saurbhi Dry Curry Leaves,Spices,$2.01,109.04,90g
Mtr Garam Masala,Spices,$3.64,197.47,100g
Saurbhi Garam Masala,Spices,$13.55,735.09,1kg
Ahmed Himalayan Pink Salt,Spices,$4.51,244.67,800g
Mother's Pride Black Pepper Cracked 100,Spices,$3.96,214.83,100g
Saurbhi Coriander & Cumin,Spices,$5.77,313.02,500g
Saurbhi Fried Onion,Spices,$6.81,369.44,500g
Mother's Pride Papad Kharo,Spices,$0.99,53.71,200g
Saurbhi Chilli Whole Stem less,Spices,$5.11,277.22,200g
Uttam Cooking Soda,Spices,$2.17,117.72,110g
Parsram Chilli Whole Stemles,Spices,$4.12,223.51,200g
Saurbhi Charmagaz,Spices,$9.28,503.44,200g
Viya Noodles Masala,Spices,$1.89,102.53,50g
Freshco Sesame Seeds H,Spices,$2.76,149.73,200g
Mother's Pride Charoli,Spices,$8.12,440.51,100g
Mother's Pride Nutmeg Whole,Spices,$3.12,169.26,100g
Mother's Pride Sesame Seeds Natural,Spices,$10.44,566.37,1kg
Saurbhi Mustard Seeds Bold,Spices,$5.27,285.9,500g
Saurbhi Coriander & Cumin Powder,Spices,$11.62,630.38,1kg
Uttam Chilli Whole Kashmiri,Spices,$19.53,1059.5,500g
Saurbhi Achar Masala,Spices,$3.11,168.72,200g
Maharaja/​C Curry Leaves,Spices,$2.13,115.55,15g
L G Asafoetida (​Hing) Slab,Spices,$4.99,270.71,100g
Mother's Pride Sesame Seeds Hulled,Spices,$11.11,602.72,1kg
Saurbhi Cooking Soda,Spices,$2.17,117.72,125g
Saurbhi Javantri,Spices,$9.36,507.78,50g
Saurbhi Tamarind Concentrate,Spices,$3.49,189.33,227g
Saurbhi Citric Acid,Spices,$2.59,140.51,125g
Sohum Ragi Malt,Flours,$3.94,213.74,200g
Telugu Idli Rava,Flours,$16.50,895.12,5kg
Uttam Idli Rava,Flours,$2.78,150.82,908g
Marathi Swaad Bajari Flour,Flours,$6.28,340.69,1kg
Telugu Rice Rava,Flours,$4.32,234.36,908g
Bansari Flour - Handva,Flours,$3.31,179.57,908g
Deep Flour - Besan Fine,Flours,$4.78,259.32,907g
Saurbhi Flour - Besan Fine 4.​54k,Flours,$19.30,1047.03,4g
Saurbhi Flour - Mohanthal,Flours,$2.68,145.39,454g
Thulasi Little Millet Flour,Flours,$8.25,447.56,1kg
Viya Ladu Flour,Flours,$3.77,204.52,908g
Dh Un Roasted Rice Flour,Flours,$5.26,285.35,1kg
Samrat Rava,Flours,$3.57,193.67,1kg
Saurbhi Flour - Jav,Flours,$4.38,237.61,908g
Telugu Idli Rava,Flours,$4.32,234.36,908g
Viya Thepla Mix Flour,Flours,$4.63,251.18,908g
Brahmins Ragi Puttu Powder,Flours,$5.48,297.29,1kg
Farm/​F Roasted Rava,Flours,$5.50,298.38,1kg
Indya Flour -Besan Fine 1.​,Flours,$8.96,486.08,816kg
PG Besan Flour Fine,Flours,$7.99,433.46,2kg
Thulasi Bajra Flour,Flours,$4.40,238.7,1kg
Bansari Flour - Udad,Flours,$6.73,365.1,908g
Gajanand Flour - Bhakhri (​Wheat Flour Coarse),Flours,$3.61,195.84,1kg
Bansari Flour - Mohanthal,Flours,$2.25,122.06,454g
Bansari Flour - Soya,Flours,$5.57,302.17,908g
Gajanand Flour - Juwar,Flours,$4.63,251.18,1kg
Nirapara Idiyappam Podi,Flours,$5.15,279.39,1kg
Sohum Upwas Bhajni,Flours,$9.03,489.88,500g
Uttam Flour - Besan 1.​,Flours,$9.11,494.22,8kg
Bansari Flour - Mohanthal,Flours,$4.35,235.99,908g
Dh Roasted Ragi Flour,Flours,$6.27,340.15,1kg
Gajanand Fada Lapsi Coarse,Flours,$3.61,195.84,908g
Maharaja/​C Flour - Tapioca,Flours,$2.12,115.01,500g
Saurbhi Flour - Red Juwar,Flours,$5.94,322.24,908g
Uttam Flour - Besan,Flours,$20.42,1107.79,5kg
Bansari Flour - Mathia,Flours,$3.44,186.62,454g
Brahmins Millet Dosa Powder,Flours,$5.89,319.53,500g
Eastern Idiyappam Podi,Flours,$5.50,298.38,1kg
Gajanand Flour - Bajri,Flours,$3.16,171.43,908g
Gajanand Flour - Bhakhri (​Wheat Flour Coarse),Flours,$17.28,937.44,5kg
Gajanand Flour - Rice Coarse,Flours,$3.45,187.16,1kg
Gajanand Soji Coarse,Flours,$3.45,187.16,908g
Indya Flour - Ladu,Flours,$4.93,267.45,908g
Jk Flour- Polenta,Flours,$3.45,187.16,1kg
Nirapara Puttu Podi,Flours,$5.50,298.38,1kg
Nirapara Rice Powder,Flours,$5.50,298.38,1kg
Mother's Pride Pickle - Chhundo,Pickles,$3.99,216.46,450g
Pattu Chutney - Delhi Ki Chat,Pickles,$4.42,239.78,340g
Priya Ginger Garlic Pst,Pickles,$7.97,432.37,1kg
Deep Mixed Pickle Relish In Oil,Pickles,$4.60,249.55,283gm
Deep Pickle - Kharek,Pickles,$8.55,463.84,850g
Funfoods's Veg Mayonnaise Tandoori,Pickles,$4.46,241.96,245g
Mother's Recipe Maharashtra Mango,Pickles,$5.48,297.29,500g
Mother's Recipe Pickle - Amba Haldar,Pickles,$5.48,297.29,500g
Priya Pickle - Onion,Pickles,$2.68,145.39,300g
Deep Pickle - Kerda,Pickles,$7.35,398.74,730g
Deep Pickle - Mango Hot,Pickles,$4.60,249.55,283g
Mother's Pride Pickle - Vadhavani Chilli,Pickles,$3.99,216.46,400g
Mother's Recipe Punjabi Mix Pickle,Pickles,$5.48,297.29,500g
Bedekar Mango Chilli Pickle,Pickles,$3.83,207.78,400g
Deep Pickle -Berry Gunda,Pickles,$7.33,397.65,720g
Marathi Swaad Mango Pickle,Pickles,$4.26,231.1,500g
Pachranga Pickle - Red Chilli Stuffed,Pickles,$5.99,324.96,800g
Pattu Chutney - Bollywood Masala,Pickles,$3.91,212.12,340g
Priya Pickle - Cut Mango With Garlic,Pickles,$7.97,432.37,1kg
Telugu Pickle - Gongura Red Chilli with garlic,Pickles,$2.90,157.32,300g
Deep Pickle - Chana Methi Mango,Pickles,$7.33,397.65,720g
Deep Pickle - Green Chilli,Pickles,$6.72,364.56,700g
Mother's Pride Pickle - Gorkeri,Pickles,$3.99,216.46,450g
Mother's Pride Pickle - Kerda,Pickles,$3.99,216.46,400g
Priya Pickle - Mix Vegetable Without Garlic,Pickles,$2.68,145.39,300g
Ashoka Pickle - Lime Hot,Pickles,"was $4.63


$3.69",251.18,500g
Mother's Pride Pickle - Mix,Pickles,$3.99,216.46,400g
Mother's Sweet Mango chutney,Pickles,$4.23,229.48,340g
Telugu Pickle - Karela With Garlic,Pickles,$2.90,157.32,300g
Funfoods's Pizza Topping,Pickles,$4.46,241.96,250g
Mother's Pride Pickle - Punjabi Mix,Pickles,$3.99,216.46,400g
Mother's Pride Pickle - Chana Methi,Pickles,$3.99,216.46,400g
Mother's Pride Pickle - Sweet Lemon,Pickles,$3.99,216.46,450g
Pachranga Pickle - Mango Peeled,Pickles,$5.99,324.96,800g
Priya Pickle - Brinjal With Garlic,Pickles,$2.68,145.39,300g
Telugu Pickle - Tamarind,Pickles,$2.90,157.32,300g
Ahmed Carrot Pickle In Oil,Pickles,$6.58,356.96,1kg
Ashoka Pickle - Methiya Mango,Pickles,"was $4.63


$3.69",251.18,500G
Deep Chutney - Dry Garlic,Pickles,$5.48,297.29,150g
Marathi Swaad Gavran Mango Pickle,Pickles,$4.26,231.1,500g
Pachranga Pickle - Green Chili,Pickles,$5.99,324.96,800g
Telugu Tamarind Paste,Pickles,$3.65,198.01,300g
Ashoka Chutney - Coriander,Pickles,$3.50,189.88,250g
Deep Pickle - Gondal Chilli,Pickles,$7.94,430.74,700g
Marathi Swaad Lime Pickle,Pickles,$4.26,231.1,500g
Mother's Pride Pickle - Punjabi Mixed,Pickles,$7.49,406.33,1kg
Mother's Recipe South Indian Pickle Garlic,Pickles,$4.05,219.71,400g
Pattu Chutney - Pakora,Pickles,$4.42,239.78,360g
Mother's Recipe Garlic Paste Best Before - 24/​03/​2024,"Chutney, Paste & Sauces",$4.69,254.43,300g
Ramdev Chutney - Panipuri,"Chutney, Paste & Sauces",$3.87,209.95,220gm
Ramdev Chutney - Sandwich,"Chutney, Paste & Sauces",$3.87,209.95,220gm
Sabrini - Golgappa Pani,"Chutney, Paste & Sauces",$6.27,340.15,930ml
Sabrini Chutney - Tamarind,"Chutney, Paste & Sauces",$4.38,237.61,400g
Sabrini Date Tamarind Dip,"Chutney, Paste & Sauces",$5.48,297.29,390g
Saurbhi Chutney - Chatpata Chaat,"Chutney, Paste & Sauces",$2.36,128.03,220g
Foram Chutney - Pani Puri,"Chutney, Paste & Sauces",$4.09,221.88,340g
Jaipur Chutney - Pudina,"Chutney, Paste & Sauces",$5.15,279.39,400gm
Jaipur Panipuri Pani,"Chutney, Paste & Sauces",$5.15,279.39,930ml
Saurbhi Chutney - All In One,"Chutney, Paste & Sauces",$2.24,121.52,240g
Saurbhi Chutney - Red Chilli Garlic,"Chutney, Paste & Sauces",$2.24,121.52,220g
Veeba Achari Veginnaise,"Chutney, Paste & Sauces",$5.97,323.87,300g
Ching's Jain Schezwan Chutney,"Chutney, Paste & Sauces",$4.07,220.8,250g
Foram Chutney - Mint,"Chutney, Paste & Sauces",$4.09,221.88,340g
Kissan Pineaple Jam,"Chutney, Paste & Sauces",$7.13,386.8,500g
Kissan Tomato Ketchup,"Chutney, Paste & Sauces",$8.17,443.22,1kg
M/​R Red Chilli Paste,"Chutney, Paste & Sauces",$3.81,206.69,300g
Maggi Rich Tomato -Ketchup,"Chutney, Paste & Sauces",$5.99,324.96,1kg
Mother's Chutney - Spicy Tomato,"Chutney, Paste & Sauces",$4.67,253.35,250g
Pattu Sauce - Tomato,"Chutney, Paste & Sauces",$4.16,225.68,500g
Ramdev Chutney - Bhelpuri,"Chutney, Paste & Sauces",$3.87,209.95,250gm
Saurbhi Sauce - Chilli Garlic,"Chutney, Paste & Sauces",$2.36,128.03,220g
Ashoka Ginger Paste,"Chutney, Paste & Sauces","was $6.58


$5.49",356.96,1kg
Katoomba Crushed Ginger,"Chutney, Paste & Sauces",$3.91,212.12,350gm
Mother's Chutney - All In One,"Chutney, Paste & Sauces",$5.77,313.02,250g
Mother's Recipe Ginger Paste,"Chutney, Paste & Sauces",$4.34,235.44,300g
Sabrini - Mint Pani,"Chutney, Paste & Sauces",$6.78,367.82,930ml
Veeba Mint Veginnaise,"Chutney, Paste & Sauces",$5.98,324.42,300g
Veeba Tandoori Veginnaise,"Chutney, Paste & Sauces",$6.05,328.21,300g
Ashoka Tandoori Paste,"Chutney, Paste & Sauces",$30.50,1654.62,5kg
Ching's Schezwan Ketchup,"Chutney, Paste & Sauces",$6.10,330.92,485g
Jaipur Imli Pani,"Chutney, Paste & Sauces",$6.03,327.13,930ml
Khushboo Chutney - Delhi Chat,"Chutney, Paste & Sauces",$4.38,237.61,370g
Spice Story Chutney - Lemon,"Chutney, Paste & Sauces",$3.28,177.94,220g
Spice Story Chutney - Mango Mustard,"Chutney, Paste & Sauces",$3.28,177.94,200g
Veeba Schezwan Chilli Chutney,"Chutney, Paste & Sauces",$6.55,355.34,320g
Winn Sauce Green Chilli,"Chutney, Paste & Sauces",$3.92,212.66,690g
Ashoka Chutney - Date & Tamarind,"Chutney, Paste & Sauces",$11.39,617.91,910g
Auspice Garlic Paste,"Chutney, Paste & Sauces",$51.68,2803.64,10kg
Deep Chutney - Green Chili,"Chutney, Paste & Sauces",$3.92,212.66,283g
Deep Chutney - Grn Ccnt,"Chutney, Paste & Sauces",$3.92,212.66,283g
J & J Garlic & Ginger Paste,"Chutney, Paste & Sauces","was $7.13


$5.79",386.8,1kg
Jaipur Tikha Pudina Pani,"Chutney, Paste & Sauces",$6.03,327.13,930ml
Maggi Hot & Sweet Sauce,"Chutney, Paste & Sauces",$6.58,356.96,1kg
Maggi Rich Tomato Nong,"Chutney, Paste & Sauces",$7.94,430.74,1kg
Mother's Recipe Ginger & Garlic Paste 1.​,"Chutney, Paste & Sauces",$11.29,612.48,8kg
Pattu Paste - Garlic,"Chutney, Paste & Sauces",$12.66,686.8,2kg
Induben Khakhra Handmade - Masala,"Khakhara, Papad & Fryums",$4.99,270.71,200g
Maniarr's Papad - Garlic,"Khakhara, Papad & Fryums",$1.99,107.96,200g
Marathi Swaad Flower Kurdai,"Khakhara, Papad & Fryums",$3.25,176.31,200g
Gajanand Khakhara - Achar Masala,"Khakhara, Papad & Fryums","was $3.13


$2.49",169.8,200g
I Snack Khakhra - Plain,"Khakhara, Papad & Fryums",$2.88,156.24,200g
InInduben Khakhara - Jeeralu,"Khakhara, Papad & Fryums",$2.99,162.21,200g
Marathi Swaad Crispy Sago Kurdai,"Khakhara, Papad & Fryums",$5.19,281.56,200g
Bansari Khichiya Papad - Jeera,"Khakhara, Papad & Fryums",$2.49,135.08,200g
Gajanand Khakhara - Double Methi,"Khakhara, Papad & Fryums","was $3.13


$2.49",169.8,200g
Khushboo Udad Black Pepper Papad,"Khakhara, Papad & Fryums",$2.19,118.81,200g
Maitrii Khakhra - Methi,"Khakhara, Papad & Fryums",$10.00,542.5,500g
Saurbhi Bhakhari Khakhara - Plain,"Khakhara, Papad & Fryums",$2.99,162.21,200g
Induben Khakra - Cholafali,"Khakhara, Papad & Fryums",$2.99,162.21,200g
Induben Khakra - Mangroli,"Khakhara, Papad & Fryums",$2.99,162.21,200g
Marathi Swaad Poha Papad,"Khakhara, Papad & Fryums",$3.89,211.03,200g
Gajanand Khakhara - Masala,"Khakhara, Papad & Fryums","was $3.13


$2.49",169.8,200g
I Snack Khakhra - Jeera,"Khakhara, Papad & Fryums",$2.88,156.24,200g
Induben Khakhara - Pani Puri,"Khakhara, Papad & Fryums",$2.99,162.21,200g
Saurbhi Fryums - Okra Cut,"Khakhara, Papad & Fryums",$1.58,85.72,200g
Deep Khakhara - Ginger-Chili,"Khakhara, Papad & Fryums",$2.99,162.21,200g
Eastern Papad,"Khakhara, Papad & Fryums",$3.53,191.5,200g
Shanta G Bhakhri - Plain,"Khakhara, Papad & Fryums",$2.99,162.21,200g
Viya Potato Wafers,"Khakhara, Papad & Fryums",$4.14,224.59,150g
Bansari Khichiya Papad - Green Chilli,"Khakhara, Papad & Fryums",$2.49,135.08,200g
Induben Khakhra Handmade - Plain,"Khakhara, Papad & Fryums",$4.99,270.71,200g
Maniarr's Khakhra - Plain,"Khakhara, Papad & Fryums",$2.99,162.21,200g
Marathi Swaad Home Made Appalam Papad,"Khakhara, Papad & Fryums",$4.15,225.14,285g
Satva Fryums Pipe Yellow,"Khakhara, Papad & Fryums",$1.43,77.58,200g
Gajanand Khakhara - Methi,"Khakhara, Papad & Fryums","was $3.13


$2.49",169.8,200g
Khushboo Bikaneri Special Papad,"Khakhara, Papad & Fryums",$2.68,145.39,200g
Saurbhi Fryums - Regular,"Khakhara, Papad & Fryums",$1.45,78.66,200g
Deep Bhakri- Plain,"Khakhara, Papad & Fryums",$3.75,203.44,200g
Gapata Sapata Rice Papad,"Khakhara, Papad & Fryums","was $2.08


$1.49",112.84,200g
Marathi Swaad Panjabi Papad,"Khakhara, Papad & Fryums",$3.88,210.49,180g
Bansari Khichiya Papad -Red Chilli,"Khakhara, Papad & Fryums",$2.49,135.08,200g
I Snack Khakhra - Honey Methi,"Khakhara, Papad & Fryums",$2.88,156.24,200g
Marathi Swaad Potato Mirgund Red,"Khakhara, Papad & Fryums",$3.11,168.72,200g
Marathi Swaad Salpapadi,"Khakhara, Papad & Fryums",$3.99,216.46,150g
Saurbhi Fryums - Squares,"Khakhara, Papad & Fryums",$1.27,68.9,200g
Shree Ganesh Cumin Papad,"Khakhara, Papad & Fryums",$2.61,141.59,200g
Gajanand Khakhara - Jeera,"Khakhara, Papad & Fryums","was $3.13


$2.49",169.8,200g
Gajanand Unfried Panipuri,"Khakhara, Papad & Fryums","was $2.08


$1.49",112.84,200g
Induben Khakhra Handmade - Jeera,"Khakhara, Papad & Fryums",$4.99,270.71,200g
Kemchho Bhakri - Methi,"Khakhara, Papad & Fryums",$3.49,189.33,200gm
Khushboo Chana Masala Papad,"Khakhara, Papad & Fryums",$2.51,136.17,200g
Raj Amrut Khakhra - Ghee,"Khakhara, Papad & Fryums",$4.01,217.54,250g
Saurbhi Fryums - Alphabet,"Khakhara, Papad & Fryums",$1.45,78.66,200g
Saurbhi Sago Papad Green Chilli,"Khakhara, Papad & Fryums",$2.29,124.23,200g
Sunflower Oil - Gold Winner,Oil & Ghee,$22.44,1217.37,5ltr
CFC Mustard Oil,Oil & Ghee,$6.19,335.81,1ltr
Grb Ghee,Oil & Ghee,$150.00,8137.5,10ltr
Tez Organic Mustard Oil,Oil & Ghee,$11.56,627.13,950ml
Thulasi Sesame Oil 1 Liter,Oil & Ghee,$13.45,729.66,1g
Viya Gingelly Oil,Oil & Ghee,$39.88,2163.49,5ltr
777 Deepam Lamp Oil,Oil & Ghee,$7.57,410.67,1ltr
Amul Ghee,Oil & Ghee,$149.99,8136.96,10 Ltr
Bansari Mustard Oil,Oil & Ghee,$4.99,270.71,500ml
Gopalji Ghee,Oil & Ghee,$9.06,491.51,370g
Mother Dairy Ghee,Oil & Ghee,$19.29,1046.48,1ltr
Patanjali Groundnut Oil,Oil & Ghee,$30.15,1635.64,5ltr
Punjas Mustard Oil,Oil & Ghee,$5.85,317.36,750ml
Sohna Mustard Oil,Oil & Ghee,$9.38,508.87,2Ltr
Sohna Mustard Oil,Oil & Ghee,$3.39,183.91,500ml
777 Sesame Oil,Oil & Ghee,$11.07,600.55,1ltr
777 Sesame Oil,Oil & Ghee,$21.29,1154.98,2ltr
Sunflower Oil - Indya,Oil & Ghee,$30.99,1681.21,10ltr
Saffola Gold Oil,Oil & Ghee,$29.33,1591.15,5ltr
Saurbhi A2 Gir Cow Ghee,Oil & Ghee,$11.43,620.08,250ml
Britannia Cow Ghee,Oil & Ghee,$158.82,8615.98,10 Ltr
Gopalji Ghee,Oil & Ghee,$82.35,4467.49,5kg
Mann Ghee,Oil & Ghee,$16.57,898.92,1ltr
Punjas Mustard Oil,Oil & Ghee,$21.41,1161.49,2ltr
Satva Groundnut Oil,Oil & Ghee,$8.13,441.05,1ltr
Thulasi Coconut Oil,Oil & Ghee,$11.56,627.13,1 Ltr
Thulasi Peanut Oil,Oil & Ghee,$11.56,627.13,1ltr
Appu Black Sesame Seed Oil,Oil & Ghee,$8.25,447.56,500ml
Diamond Ghee,Oil & Ghee,"was $17.99


$13.49",975.96,700g
Mann Ghee,Oil & Ghee,$74.99,4068.21,5ltr
Rkg Pure Cow Ghee,Oil & Ghee,$17.99,975.96,800gm
Viya Coconut Oil,Oil & Ghee,$9.29,503.98,1ltr
777 Deepam Lamp Oil,Oil & Ghee,$3.93,213.2,500ml
Appu Black Sesame Seed Oil,Oil & Ghee,$16.25,881.56,1l
Canola Oil - Amrit,Oil & Ghee,$61.18,3319.02,20ltr
Cardia Groundnut Oil Filtered,Oil & Ghee,$7.44,403.62,1ltr
Patanjali Coconut Oil,Oil & Ghee,$7.84,425.32,250ml
Rkg Organic Cow Ghee,Oil & Ghee,$14.49,786.08,500ml
Tirupati Groundnut Oil,Oil & Ghee,$8.10,439.42,1ltr
Verka Ghee,Oil & Ghee,$9.06,491.51,500g
Viya Groundnut Oil,Oil & Ghee,$30.94,1678.5,5ltr
777 Sesame Oil,Oil & Ghee,$48.21,2615.39,5ltr
GRB Ghee - Brown,Oil & Ghee,$27.45,1489.16,1660ml
Mahalaxmi Desi Cow Ghee,Oil & Ghee,$20.70,1122.97,1ltr
Sabrini Ghee,Oil & Ghee,"was $130.00


$120.00",7052.5,10ltr
Sunflower Oil - Sungrow,Oil & Ghee,$62.99,3417.21,20ltr
Thulasi Mustard Oil,Oil & Ghee,$5.94,322.24,1 Ltr
Tata Gold Coffee,Tea & Drink Mixes,$10.67,578.85,100g
Tata Tea Kanan Devan Clsc,Tea & Drink Mixes,$7.07,383.55,500g
Brook Bond 3 Roses,Tea & Drink Mixes,$7.47,405.25,250g
CFC Traditional Blend,Tea & Drink Mixes,$7.64,414.47,200g
Evora Filter Coffee,Tea & Drink Mixes,$5.36,290.78,60g
Horlicks Women's Plus,Tea & Drink Mixes,$11.36,616.28,400g
Mahalaxmi Instant - Ginger Chai with Sugar,Tea & Drink Mixes,$13.11,711.22,500g
Mahalaxmi Instant - Masala Chai,Tea & Drink Mixes,$11.86,643.4,250g
Narasu's Pure Instant,Tea & Drink Mixes,$11.19,607.06,200g
Sabar Tea,Tea & Drink Mixes,$12.49,677.58,1kg
Viya Vimto Sharbat,Tea & Drink Mixes,$4.95,268.54,700ml
Bournvita Drink Mix,Tea & Drink Mixes,$8.49,460.58,500g
Brook Bond 3 Roses,Tea & Drink Mixes,$15.64,848.47,500g
Bru Coffee - Instant,Tea & Drink Mixes,$12.44,674.87,200g
Dabur Vedic Tea,Tea & Drink Mixes,$4.64,251.72,250g
Dilmah Ceylon Loose Leaf Tea,Tea & Drink Mixes,$7.86,426.4,300g
Dilmah Ceylon Loose Leaf Tea,Tea & Drink Mixes,$13.14,712.84,550g
Evora Filter Coffee,Tea & Drink Mixes,$10.36,562.03,100g
Evora Instatnt Coffee,Tea & Drink Mixes,$7.14,387.34,60g
Girnar Premix Turmeric Latte,Tea & Drink Mixes,$3.33,180.65,90g
ID Filter Coffee,Tea & Drink Mixes,$12.84,696.57,450ml
Mahalaxmi Instant - Cardamom Chai with Sugar,Tea & Drink Mixes,$13.11,711.22,500g
Narasu's Insta Strong,Tea & Drink Mixes,$11.19,607.06,200g
Thulasi Filter Coffee,Tea & Drink Mixes,$9.29,503.98,500g
Double Horse Matta Rice,Rice & Atta,$52.32,2838.36,20kg
Hari Om Foods Indrayani Rice,Rice & Atta,$28.97,1571.62,5kg
Parliament Organic Khichdi Mix Rice,Rice & Atta,$16.73,907.6,5kg
Bansari Rice - Ponni Boiled,Rice & Atta,$3.49,189.33,1kg
Deep Flour - Multi Grain 9.​,Rice & Atta,$24.84,1347.57,07kg
Lal Qilla Cls Basmati Rice,Rice & Atta,$19.57,1061.67,5kg
Taj Classic Rice,Rice & Atta,$5.04,273.42,1kg
Thulasi Thjv Ponni Raw Rice,Rice & Atta,$17.38,942.86,5kg
Aithra Red Parboiled Rice,Rice & Atta,$17.38,942.86,5kg
Banno Basmati Rice,Rice & Atta,$81.40,4415.95,20kg
Bansari Rice - Red Raw,Rice & Atta,$3.49,189.33,1kg
Deep Flour - Multi Grain 4.​,Rice & Atta,$17.57,953.17,5kg
Taj King Sela Rice,Rice & Atta,$17.48,948.29,5kg
Daawat Biryani Extra Long Rice,Rice & Atta,"was $87.99


$78.99",4773.46,20kg
Lal Qilla Majestic Rice,Rice & Atta,$5.15,279.39,1kg
Swarna Chakki Atta,Rice & Atta,$24.70,1339.98,10kg
India Gate Chef Supreme,Rice & Atta,$63.46,3442.7,20kg
India Gate Every Day Rice,Rice & Atta,$15.11,819.72,5kg
Plain Flour 12.​ - Manildra,Rice & Atta,$14.16,768.18,5kg
White Raw Rice - Aithra,Rice & Atta,$17.58,953.71,5kg
India Gate Dubar Rice,Rice & Atta,$15.44,837.62,5kg
Matta Rice - Pattu,Rice & Atta,$23.73,1287.35,10kg
Taj Classic Rice,Rice & Atta,$74.06,4017.76,20kg
Fortune Biryani Basmti Rice,Rice & Atta,"was $77.23


$67.99",4189.73,20kg
Kaveri Rice - Sona Masoori,Rice & Atta,$74.67,4050.85,25kg
Lal Qilla Supreme Sela Rice,Rice & Atta,$20.60,1117.55,5kg
Parliament Low Gi Rice,Rice & Atta,$3.70,200.73,1kg
Thulasi Mappillai Samba Rice,Rice & Atta,$29.61,1606.34,5kg
Bansari Rice - Palakkadan Matta Red Parboiled,Rice & Atta,$14.49,786.08,5kg
Bansari Rice - Porridge,Rice & Atta,$2.99,162.21,1kg
Dh Matta Rice,Rice & Atta,$6.89,373.78,2kg
Gajanand Gujarat 17 Rice,Rice & Atta,$15.78,856.06,5kg
Matta Rice - Nirapara 10,Rice & Atta,$28.47,1544.5,10g
Miller Basmati Rice,Rice & Atta,$18.67,1012.85,5kg
Taj Premium Rice,Rice & Atta,$5.03,272.88,1kg
Thulasi Seeraga Samba Pounded Rice,Rice & Atta,$30.90,1676.32,5kg
Bansari Rice - Cracked Kanki,Rice & Atta,$10.95,594.04,5kg
Bansari Rice - Khichdi,Rice & Atta,$14.40,781.2,5kg
Bansari Rice - Red Raw,Rice & Atta,$14.07,763.3,5kg
India Gate Tibar Rice,Rice & Atta,$16.86,914.66,5kg
Sohum Multi Grain Atta,Rice & Atta,$13.37,725.32,5kg
Taj Classic Rice,Rice & Atta,$39.70,2153.73,10kg
Viya Basmati Rice,Rice & Atta,$20.22,1096.94,5kg
Chak De India Basmati Rice,Rice & Atta,$23.63,1281.93,5kg
DH Jaya Rice,Rice & Atta,$6.84,371.07,2kg
Aithra Bajra (​Millet) Broken,Lentils,$3.60,195.3,500g
Jk Dal - Mung Beans Berkin (​Big),Lentils,$3.62,196.39,1kg
Pattu Dal - Mung Split With Skin,Lentils,$17.88,969.99,5kg
Pattu Dal - Udad Whole White,Lentils,$9.80,531.65,2kg
Deep Dal - Urad Chilka,Lentils,$4.87,264.2,907g
Mother's Pride Dal - Black Chana (​Tyson),Lentils,$11.48,622.79,5kg
Saurbhi Dal - Mung Bean Celera,Lentils,$4.48,243.04,1kg
Jk Dal - Mung Beans Split,Lentils,$4.10,222.42,1kg
Pattu Dal - Mung Beans Celera,Lentils,$8.59,466.01,2kg
Saurbhi Dal - Urid Whole Black,Lentils,$4.71,255.52,1kg
Parsram Dal - Moth Beans,Lentils,$5.25,284.81,1kg
Viya Dal - Popping Corn,Lentils,$3.15,170.89,1kg
Jk Dal - Toor Dal,Lentils,$17.10,927.68,4kg
Saurbhi Dal - Tuvar Whole,Lentils,$4.92,266.91,1kg
Pattu Dal - Yellow Split Peas,Lentils,$2.78,150.82,1kg
Saurbhi Dal - Chickpeas Premium,Lentils,$17.14,929.84,5kg
Saurbhi Dal - Pop Corn,Lentils,$3.53,191.5,1kg
Pattu Dal - Red Split Lentils (​Aus),Lentils,$13.92,755.16,5kg
Saurbhi Dal - Red Lentils Gota,Lentils,$3.49,189.33,1kg
Deep Dal - Urad,Lentils,$5.62,304.88,907g
Mother's Pride Dal - Toor Dal,Lentils,$8.95,485.54,2kg
Jk Dal - Mixed Dal,Lentils,$4.54,246.3,1kg
Parsram Dal - Horse Gram,Lentils,$5.25,284.81,1kg
Jk Dal - Red Kidney Beans Dark,Lentils,$5.61,304.34,1kg
Parsram Dal - Urid Gota,Lentils,$4.90,265.83,1kg
Viya Dal - Blue Peas,Lentils,$2.78,150.82,1kg
Mother's Pride Dal - Blue Peas,Lentils,$3.36,182.28,1kg
Mother's Pride Dal - Yellow Split Peas,Lentils,$2.59,140.51,1kg
Jk Dal - Mung Beans Celera (​Small),Lentils,$4.03,218.63,1kg
Mother's Pride Dal - Udad Split White,Lentils,$21.32,1156.61,5kg
Pattu Dal - Chick Peas Tyson,Lentils,$10.55,572.34,5kg
Saurbhi Dal - Black Eye Bean,Lentils,$8.11,439.97,1kg
Mother's Pride Dal - Chana Dal,Lentils,$12.13,658.05,5kg
Mother's Pride Dal - Pop Corn,Lentils,$4.33,234.9,1kg
Saurbhi Dal - Red Spilt Lentils,Lentils,$5.99,324.96,2kg
Irfaz Toor Dal,Lentils,"was $4.71


$3.99",255.52,1kg
Pattu Dal - Barley,Lentils,$2.40,130.2,1kg
Pattu Dal - Udad Whole Black,Lentils,$8.66,469.8,2kg
Parsram Dal - Masoor,Lentils,$3.42,185.54,1kg
Pattu Dal - Green Split Peas,Lentils,$5.25,284.81,1kg
Jk Dal - Soya Beans,Lentils,$3.34,181.2,1kg
Pattu Dal - Black Eye Beans,Lentils,$12.86,697.66,2kg
Parsram Dal - Urid Dal,Lentils,$3.85,208.86,1kg
Pattu Dal - Red Kidney Beans Dark,Lentils,$23.94,1298.75,5kg
Viya Dal - Mix,Lentils,$4.33,234.9,1kg
Parsram Dal - Chickpeas Tyson (​Black Chana),Lentils,$1.75,94.94,1kg
Ayur Face Pack - Sandal,Cosmetic,$3.14,170.34,100g
Hamdard Roghan Badam,Cosmetic,$8.69,471.43,50ml
Himalaya Face Scrub Whitening,Cosmetic,$5.53,300.0,100g
Uttam Herbal Triphla Powder,Cosmetic,$2.91,157.87,200g
Bajaj Almond Hair Oil,Cosmetic,$2.75,149.19,100ml
Himalaya Crm & Honey Soap,Cosmetic,$2.18,118.27,125g
Himalaya Face Scrub Apricot,Cosmetic,$5.43,294.58,100g
Mysore Sandal / Jasmine / Rose Soap X 3pk,Cosmetic,$9.50,515.38,125g
Ayur Herbals Amla & Shikakai with Reetha Shampoo,Cosmetic,$8.64,468.72,500ml
Bajaj Almond Hair Oil,Cosmetic,$11.10,602.17,475ml
Hamdard Joshanda,Cosmetic,$1.63,88.43,33gm
Dabur Sitopaladi Churan,Cosmetic,$5.76,312.48,60g
Himalaya Fairness kesar Face Pack,Cosmetic,$5.53,300.0,100g
Himalaya Koflet Cough Syrup,Cosmetic,$4.32,234.36,100ml
Parachute Aloe Vera H/​Oil,Cosmetic,$4.38,237.61,150ml
Patanjali Swasari Pravahi,Cosmetic,$5.03,272.88,250ml
Chandrika Aryuvedi Soap,Cosmetic,$1.83,99.28,125g
Colgate Vedshakti Tooth/​P,Cosmetic,$5.18,281.02,200g
Dabur Red Toothpaste Gel,Cosmetic,$4.32,234.36,150g
Dabur Tulsi Drops,Cosmetic,$9.50,515.38,30ml
Himalaya Face Wash Lemon,Cosmetic,$5.45,295.66,100ml
Parachute Aloe Vera H/​Oil,Cosmetic,$6.05,328.21,250ml
Santoor Sandal & Tumeric,Cosmetic,$2.18,118.27,100g
Colgate Active Salt,Cosmetic,$4.32,234.36,200g
Himalaya Shatavari Tab,Cosmetic,$7.35,398.74,60pcs
Kesh King Hair Oil,Cosmetic,$10.37,562.57,300ml
Kushal Kanthil,Cosmetic,$2.80,151.9,5g
Medimix Aryuvedic Soap 5 X,Cosmetic,$8.65,469.26,125g
Patanjali Balm,Cosmetic,$3.99,216.46,25g
Patanjali Dantkanti Medicate,Cosmetic,$2.73,148.1,100g
Raja Chuna,Cosmetic,$2.98,161.66,200g
Vasmol 33 Kesh Kala,Cosmetic,$2.99,162.21,100ml
Vicco Vajradant Tooth Paste,Cosmetic,$5.67,307.6,100g
Close Up Lemon Mint - Yellow,Cosmetic,$4.32,234.36,150g
Close Up Triple Fresh - Red,Cosmetic,$3.99,216.46,150g
Kesh King Hair Oil,Cosmetic,$6.29,341.23,100ml
Margo Soap,Cosmetic,$1.90,103.07,100g
Parachute Coconut Oil,Cosmetic,$8.01,434.54,600ml
Patanjali Shilajit Cap 20,Cosmetic,$7.62,413.38,20g
Pears Soap Germshield,Cosmetic,$3.67,199.1,125g
Pears Soap Oil Clear Glow,Cosmetic,$2.29,124.23,75g
Supreme Henna - Natural Brown Color,Cosmetic,$2.51,136.17,150g
Vlcc Facial Kit Diamond +,Cosmetic,$17.00,922.25,50g
Cinthol Deo Sport Soap,Cosmetic,$2.86,155.16,125g
GANESH POOJA KIT - PS-05,Pooja Items,$11.48,622.79,05g
Gangotri Gangajal,Pooja Items,$3.45,187.16,500ml
Hari Darshan Astgandha,Pooja Items,$2.86,155.16,50g
Hari Darshan Sindhur Powder,Pooja Items,$2.86,155.16,50g
Kalpana - 3 In 1 Incense Stick,Pooja Items,$3.28,177.94,90g
Pooja Brass Lota Size 10,Pooja Items,$9.89,536.53,10g
Pooja Gangajal (​Holy Water),Pooja Items,$2.28,123.69,100ml
POOJA TOPI - PS-40,Pooja Items,$8.62,467.63,40g
Shah Natural Sandle Dhoop,Pooja Items,$4.14,224.59,100g
Brass Pooja Diya No 0,Pooja Items,$2.87,155.7,0g
Cycle Ins Stick - Sandalum,Pooja Items,$3.68,199.64,102g
Cycle Ins Stk Liya - P Rose,Pooja Items,$4.28,232.19,107g
Cycle Sandalum Incense Sticks 6 X 20s,Pooja Items,$5.48,297.29,6g
Deep Shakti Pooja Oil,Pooja Items,$3.00,162.75,150ml
Flute Gardenia Incs Stk 6 X 20s,Pooja Items,$5.48,297.29,6g
Hari Darshan Gulal,Pooja Items,$2.86,155.16,50g
Hari Darshan Kuber Gold 16 Sticks,Pooja Items,$2.18,118.27,16g
Herbal Dhoop - Hari Darshan 16 Sticks,Pooja Items,$2.26,122.6,16g
Medium Chunari 10x14 Inch Am-60,Pooja Items,$5.34,289.7,60g
Pooja Designed Lota Size 8,Pooja Items,$14.35,778.49,8g
Pooja Mala 7inch Am-698,Pooja Items,$5.75,311.94,698g
Red Pooja Assan 9x13 Inch Am-73,Pooja Items,$5.73,310.85,73g
SATYANARAYAN POOJA KIT - PS-06,Pooja Items,$11.48,622.79,06g
Shah Colors Of India Sticks,Pooja Items,$4.14,224.59,100g
Shah Divine Rose,Pooja Items,$4.32,234.36,50g
Shah Kesar Chandan Dhoop,Pooja Items,$4.14,224.59,100g
Vaidik - Attar Assor Prm Ins,Pooja Items,$1.08,58.59,18g
Brass Agarbatti Stand Kamal No 2,Pooja Items,$1.72,93.31,2g
Chandan Tin,Pooja Items,$2.59,140.51,50g
Delight Pooja Gugal,Pooja Items,$4.38,237.61,100g
Fancy Chunari 10x15 Inch Am-63,Pooja Items,$4.92,266.91,63g
Flute Jasmim Incs Stk 6 X 20s,Pooja Items,$5.48,297.29,6g
Flute Lily Incense Sticks 6 X 20s,Pooja Items,$5.48,297.29,6g
Flute Rose Incs Stk 6 X 20s,Pooja Items,$5.48,297.29,6g
Kalpana - Black Mist Incense Stick,Pooja Items,$3.28,177.94,90g
POOJA DHOTI - PS-37,Pooja Items,$14.93,809.95,37g
Pooja Dhoti Am - 96,Pooja Items,$9.37,508.32,96g
POOJA JHOLI - PS-41,Pooja Items,$4.31,233.82,41g
POOJA KHESH - PS-38,Pooja Items,$11.48,622.79,38g
Cold Power Fabric Softener Laundry Deterent,Washing & Cleaning Needs,$12.99,704.71,2kg
Dettol Anti Bacterial Iiquid Hand Wash Pup Raspberry,Washing & Cleaning Needs,$3.39,183.91,250ml
Dettol Antibacterial Iquid Hand Wash Pup Aloe Vera And Vitain E,Washing & Cleaning Needs,$3.39,183.91,250ml
Dominos Set,Washing & Cleaning Needs,$2.18,118.27,28pcs
Exo Ginger Dish Washing Cake,Washing & Cleaning Needs,$2.36,128.03,250g
Fab Perfume Indulgence Sublime Velvet Laundry Deterent 1.​,Washing & Cleaning Needs,$11.99,650.46,8kg
Fly & Insect Killer Spray Fast Acting,Washing & Cleaning Needs,$6.03,327.13,200gm
Handwash - Anti Bacterial,Washing & Cleaning Needs,$2.73,148.1,235ml
Max Dishwashing Paste Green,Washing & Cleaning Needs,$4.71,255.52,400g
Max Dishwashing Paste Yellow,Washing & Cleaning Needs,$4.71,255.52,400g
Nirma Powder,Washing & Cleaning Needs,$3.54,192.04,1kg
Palmolive Regular Dishwashing Liquid Lemon Lime With Citrus Extracts Tough On Grease,Washing & Cleaning Needs,$4.40,238.7,750ml
Patanjali Detergent Powder,Washing & Cleaning Needs,$4.70,254.98,500g
Phoenix BBQ Charcoal,Washing & Cleaning Needs,$15.93,864.2,3kg
Pitanbari Drain Cleaner,Washing & Cleaning Needs,$2.33,126.4,50g
Power Board 6 Way 1 Meter Cord,Washing & Cleaning Needs,$13.18,715.02,6g
Power Tack,Washing & Cleaning Needs,$2.18,118.27,75g
Rin Detergent Powder,Washing & Cleaning Needs,$8.49,460.58,2kg
Spark Floor Chatai No 12,Washing & Cleaning Needs,$31.33,1699.65,12g
Spark Floor Chatai No 14,Washing & Cleaning Needs,$15.55,843.59,14g
Spark Floor Chatai No 3,Washing & Cleaning Needs,$22.47,1219.0,3g
Spark Floor Chatai No 5,Washing & Cleaning Needs,$13.82,749.74,5g
Spark Floor Chatai No 8,Washing & Cleaning Needs,$12.10,656.42,8g
Spark Floor Chatai No 9,Washing & Cleaning Needs,$17.28,937.44,9g
Spark Plastic Floor Mat/​Chatai No7(​1.​8m * 2.​7m),Washing & Cleaning Needs,$33.88,1837.99,1g
Sugarcane 6 Compartment Plate,Washing & Cleaning Needs,$17.25,935.81,25pcs
Vanish Powder Fabric Stain Remover,Washing & Cleaning Needs,$7.76,420.98,1kg
Xtra Kleen Bathroom Shower Cleaner,Washing & Cleaning Needs,$4.99,270.71,500ml
Xtra Kleen Citrus Cleaner,Washing & Cleaning Needs,$4.99,270.71,500ml
Xtra Kleen Eraser Scrubbing Sponge 2 In 1 - 4pack,Washing & Cleaning Needs,$2.73,148.1,2g
Xtra Kleen Glass & Window Cleaner,Washing & Cleaning Needs,$4.99,270.71,500ml
Chef's Knife 8 Inch,Utensils,$6.75,366.19,8g
Clay Tawa Without Hole 10 inch,Utensils,$5.99,324.96,10g
Coffee Warmer Copper Base,Utensils,$7.41,401.99,450ml
Hawkins Cooker - Classic New - Aluminium,Utensils,$73.01,3960.79,5 Ltr
Hawkins SS Tea Pan N/​Lid,Utensils,$30.09,1632.38,1ltr
Milton Hot Pot Stainless Steel Clear Glass Lid,Utensils,$24.24,1315.02,2L
Milton Tritan Rock Water/​Juice Bottle,Utensils,$7.16,388.43,750ml
Vinod Idli Stand 5 Plate,Utensils,$25.30,1372.52,5g
Vinod Multi Stainless Steel Pot Idli & Dhokla 4 Plates,Utensils,$84.32,4574.36,4g
Vinod Plastic Cake Spatula,Utensils,$2.35,127.49,2pcs
Hawkins Cooker - Classic Wide,Utensils,$56.33,3055.9,3L
Hawkins Cooker Stainless Steel,Utensils,$97.83,5307.28,3ltr
Milton Copper Bottle,Utensils,$28.18,1528.76,1l
Vinod Copper Plated Dinner Spoon,Utensils,$10.12,549.01,6 Pcs
Vinod Sober Spoon 25 Cm,Utensils,$2.70,146.48,25g
Ice Cube Tray Set,Utensils,$2.17,117.72,2pcs
Aluminium Kadai 24 Cm,Utensils,$23.60,1280.3,24g
Aluminium Kadai 28 Cm,Utensils,$30.36,1647.03,28g
Basting Ladle 26 X 8cm,Utensils,$2.70,146.48,26g
BBQ Grill 35*​24*​44cm,Utensils,$6.32,342.86,35g
"Hawkins Contura Stainless Steel Pressure Cooker, 2.​0 Litre Capacity",Utensils,$93.96,5097.33,2g
Festival Sticker 3inch Am-169,Seasonal Items,$15.89,862.03,169g
Festival Sticker 7inch Am-195,Seasonal Items,$3.79,205.61,195g
Fj-14,Seasonal Items,$22.71,1232.02,14g
Fj-16,Seasonal Items,$23.46,1272.71,16g
Fj-18,Seasonal Items,$22.71,1232.02,18g
Fj-51,Seasonal Items,$16.66,903.8,51g
Flower Hanging 125cm Ring - 60,Seasonal Items,$16.48,894.04,60g
Flower Hanging 130cm Ring - 62,Seasonal Items,$16.48,894.04,62g
Flower Hanging 180cm Ring - 4,Seasonal Items,$16.48,894.04,4g
Flower Rangoli 8 Inch Am-42,Seasonal Items,$15.40,835.45,8g
Flower Toran 3ft Am-548,Seasonal Items,$14.00,759.5,548g
Flower Toran 3ft Am-558,Seasonal Items,$24.20,1312.85,558g
Flower Toran No - 26 Vfij,Seasonal Items,$27.28,1479.94,26g
Flower Toran No - 44 Vthj,Seasonal Items,$22.00,1193.5,44g
Golden Bajot 6x6 No - 4,Seasonal Items,$11.00,596.75,4g
Hanging 80cm each piece Hh-338,Seasonal Items,$6.58,356.96,338g
Hh-1145,Seasonal Items,$16.66,903.8,1145g
Hh-115,Seasonal Items,$23.46,1272.71,115g
Hh-1151,Seasonal Items,$21.94,1190.25,1151g
Hh-167,Seasonal Items,$37.84,2052.82,167g
Hh-185,Seasonal Items,$23.46,1272.71,185g
Hh-187,Seasonal Items,$14.38,780.12,187g
Hh-233,Seasonal Items,$15.15,821.89,233g
Holi Color Herbal Gulal,Seasonal Items,$2.73,148.1,200gm
Jummar 20 No Big Th J J,Seasonal Items,$34.07,1848.3,20g
Marriage Kalash Am - 153,Seasonal Items,$27.48,1490.79,153g
Marriage Pankha Am-149,Seasonal Items,$13.18,715.02,149g
Marriage Shrifal Am-152,Seasonal Items,$16.48,894.04,152g
Marriage Tabudi Am - 139,Seasonal Items,$10.98,595.67,139g
Moti Mala 2.​5inch Am-779,Seasonal Items,$2.20,119.35,2g
Moti Mala 2inch Am-776,Seasonal Items,$5.50,298.38,776g
Moti Mala 3inch Am-780,Seasonal Items,$4.40,238.7,780g
Parle Hide & Seek 412.​,Biscuits,$5.48,297.29,5g
Atul Cream Roll Strawberry,Biscuits,$1.08,58.59,50g
Baker's Den Khari - Masala,Biscuits,$6.03,327.13,200g
Britannia Treat Cardamom,Biscuits,$1.44,78.12,100g
Britannia Wafer - Strawberry,Biscuits,$1.61,87.34,75g
Deep Khari - Plain,Biscuits,$3.87,209.95,200g
Britannia Wafers Caramel,Biscuits,$2.67,144.85,175g
Cherab's Fruit Cake,Biscuits,$6.05,328.21,200g
Cherab's Gur Saunf Biscuits,Biscuits,$14.16,768.18,950g
Haldiram's Khari - Plain,Biscuits,$5.64,305.97,400g
Karachi Kaju Badam & Pista & Fruit,Biscuits,$11.36,616.28,600g
Shree Ganesh Khari - Methi,Biscuits,$2.99,162.21,200g
Atul Khari - Green Masala,Biscuits,$2.73,148.1,200g
Bansari Candy - Cadbury Eclairs,Biscuits,$2.99,162.21,200g
Britannia Cream Wafer - Choco,Biscuits,$1.28,69.44,75g
Britannia Marie Gold 1.​,Biscuits,$8.67,470.35,2kg
Crispeez Cookies - Desi Atta,Biscuits,$4.99,270.71,350g
Crispeez Cookies - Suji Atta,Biscuits,$4.99,270.71,350g
Dairy Milk Silk Chocolate,Biscuits,$2.99,162.21,60g
Dark Fantasy - Choco,Biscuits,$3.83,207.78,150g
Fab Jam In Mix Fruit,Biscuits,$6.99,379.21,495g
Haldiram's Khari - Jeera,Biscuits,$5.64,305.97,400g
Ikc Khari - Masala,Biscuits,$5.48,297.29,200g
Karachi Fruit & Cashew & Osmania,Biscuits,$11.36,616.28,600g
Parle Rusk Milk,Biscuits,$5.44,295.12,546g
Priyagold Cheese Cracker,Biscuits,$5.48,297.29,350g
Aayu's Chikki Crushed Peanut 200,Biscuits,$3.99,216.46,200g
Britannia Nutri Choice Oats Chocolate & Almond X 6,Biscuits,$7.88,427.49,75g
Britannia Treat Kool Vanilla,Biscuits,$1.08,58.59,100g
Cherab's Cookies - Butter Kaju,Biscuits,$6.58,356.96,300g
Cherab's Fruit Cake Eggless,Biscuits,$6.05,328.21,200g
Crispeez Cookies - Ajwain Atta 350,Biscuits,$4.99,270.71,350g
Crispeez Cookies - Jeera Atta,Biscuits,$4.99,270.71,350g
Crispeez Cookies - Kaju,Biscuits,$4.99,270.71,350g
Frontier Gluten Free Rusk,Biscuits,$16.13,875.05,500g
Frontier Mini Rusk,Biscuits,$16.13,875.05,1kg
Ikc Khari - Jeera,Biscuits,$5.48,297.29,200g
Shree Ganesh Khari - Plain,Biscuits,$2.99,162.21,200g
Aayu's Chikki Butterscotch Peanut 200,Biscuits,$3.99,216.46,200g
Cherab's Cookies - Tuti Fruity,Biscuits,$6.58,356.96,300g
Cherab's Elaichi Gol,Biscuits,$6.58,356.96,300gm
Crispeez Cookies - Jeera,Biscuits,$4.99,270.71,300g
Dark Fantasy - Choco Nut,Biscuits,$3.83,207.78,150g
Dark Fantasy - Coffee,Biscuits,$3.83,207.78,150g
Deep Milk Rusk,Biscuits,$6.34,343.94,620g
Mehar Nan Khatai - Eggless,Biscuits,$9.60,520.8,450g
Pachranga Candy - Litchi,Biscuits,$3.49,189.33,200g
Priyagold Butter Delite,Biscuits,$3.85,208.86,350g
Karan's Paneer Cubes,Frozen,$22.78,1235.82,1kg
Bikaji Manchurian Balls,Frozen,$6.58,356.96,15p
Haldiram Dahi Vada,Frozen,$7.07,383.55,365g
Haldiram Samosa - Cocktail 1.​,Frozen,$24.44,1325.87,4kg
Katoomba Paratha - Lite 20 Pc,Frozen,$11.56,627.13,20g
Saurbhi Iqf - Ginger Cube,Frozen,$3.45,187.16,312g
Vadilal Alphonso Mango Pulp,Frozen,$9.88,535.99,1kg
Vadilal Mix Vegetable,Frozen,$3.28,177.94,312g
Haldiram's Naan - Tandoori,Frozen,$13.95,756.79,16pcs
Saurbhi Iqf - Red Onion,Frozen,$2.35,127.49,312g
Vadilal Lila Lahsun,Frozen,$3.92,212.66,312g
Vadilal Surti Papdi Whole,Frozen,$3.28,177.94,312g
Deep Frozen Veg - Snake Gourd,Frozen,$3.28,177.94,340g
Katoomba Punjabi Samosa 25pc x,Frozen,$18.33,994.4,75g
Daily Delight Tapioca Sliced,Frozen,$5.88,318.99,908g
Deep Patra,Frozen,$4.40,238.7,400g
Haldiram Frozen Kulchey Chole,Frozen,$6.45,349.91,320g
Vadilal Pomegranate,Frozen,$5.47,296.75,312g
Vadilal Potato Veg Nuggets,Frozen,$5.48,297.29,325g
Deep Paratha - Methi,Frozen,$3.46,187.7,5pcs
Haldiram's Aloo Tikki 1.​,Frozen,$22.00,1193.5,40pcs
Katoomba Roti Paratha Plain 20 Pieces,Frozen,$12.39,672.16,20g
Nanak Paneer Cube,Frozen,$16.13,875.05,400g
Haldiram's Dal Kachori 26pc 1.​,Frozen,$18.73,1016.1,04kg
Deep Frozen Jamun,Frozen,$5.64,305.97,340g
Deep Frozen Veg - Green Chana,Frozen,$4.23,229.48,340g
Karan's Roti Chapati,Frozen,"was $12.08


$7.99",655.34,30pcs
Daily Delight Restaurant Porotta,Frozen,$17.67,958.6,2kg
Deep Frozen Veg - Tandaljo,Frozen,$3.28,177.94,340g
Haldiram Paratha - Lachcha,Frozen,$4.38,237.61,360g
Haldiram Khatti Mithi Chutn,Frozen,$6.19,335.81,400gm
Karan's Coconut Sliced .,Frozen,$4.38,237.61,400g
Kemchho Punjabi Samosa *​25pc,Frozen,$16.48,894.04,75g
Vadilal Ice Cream - Kesar Pista Kulfi,Frozen,$8.49,460.58,500ml
Vadilal Red Chilli,Frozen,$3.28,177.94,312g
Deep Frozen Veg - Chauri,Frozen,$3.28,177.94,340g
Haldiram Paratha - Mix Veg,Frozen,$6.60,358.05,4pcs
Haldiram Wrap - Schezvan Chili Pneer,Frozen,$6.49,352.08,156g
Jacme Grated Coconut,Frozen,$3.94,213.74,400g
Udupi Masala Dosa Onion Rava,Frozen,$6.54,354.8,4pcs
Vadilal Ice Cream - Alphons Mango,Frozen,$8.49,460.58,500ml
Vadilal Ratalu,Frozen,$3.28,177.94,312g
Vadilal Tuver Lilva,Frozen,$9.51,515.92,908g
Mc Cain Aloo Tikki,Frozen,$3.92,212.66,400g
Vadilal Baby Bhindi Whole,Frozen,$7.13,386.8,908g
Deep Frozen Veg - Green Peas,Frozen,$7.68,416.64,908g
Haldiram's Tandoori Roti 6pc 360,Frozen,$4.71,255.52,360g
Yash Mathiya,Frozen,$6.99,379.21,500g
Aayu's Delhi Chaat Papdi,Snacks & Chips,$9.99,541.96,900gm
Aayu's Boondi Masala,Snacks & Chips,$9.99,541.96,900g
Haldiram's Gup Shup,Snacks & Chips,$3.47,188.25,200g
Haldiram's Plain Bhujia,Snacks & Chips,$2.71,147.02,150g
Kemchho Snack - Nylon Chevda,Snacks & Chips,$4.18,226.76,270g
Kemchho Snack - Tum Tum Gathiya,Snacks & Chips,$4.18,226.76,270g
Kemchho Snk - Gujarati Chavana,Snacks & Chips,$4.18,226.76,270g
Haldiram's Khatta Meetha,Snacks & Chips,$14.24,772.52,1kg
Haldiram's Nut Cracker,Snacks & Chips,$16.95,919.54,1kg
Kemchho Snack - Navratna Mix,Snacks & Chips,$4.18,226.76,270g
Haldiram's Chanachur,Snacks & Chips,$3.41,184.99,200g
Haldiram's Navrattan Mix,Snacks & Chips,$14.26,773.6,1kg
Haldiram's Tasty Nuts,Snacks & Chips,$12.63,685.18,1kg
Kemchho Snack - Sing Bhujiya,Snacks & Chips,$3.79,205.61,270g
Haldiram's Chai Puri,Snacks & Chips,$3.41,184.99,200g
Kemchho Snack - Bombay Puri,Snacks & Chips,$4.18,226.76,270g
Kemchho Snack - Chana Dal,Snacks & Chips,$4.18,226.76,270g
Modern Banana Chips Chilli,Snacks & Chips,$3.16,171.43,200g
Modern Masala Boondi,Snacks & Chips,$5.76,312.48,500g
Telugu Snk - Chekodilu,Snacks & Chips,$4.72,256.06,170g
Chitle Bandhu Chakli,Snacks & Chips,$3.88,210.49,250g
Haldiram's Diet Chiwda,Snacks & Chips,$2.71,147.02,160g
Kalyan Misal Tarri,Snacks & Chips,$4.54,246.3,250g
Kemchho Snack - Banana Masala,Snacks & Chips,$4.12,223.51,270g
Bikano Khatta Meetha,Snacks & Chips,"was $11.53


$8.49",625.5,1kg
Haldiram's South Mixture,Snacks & Chips,$2.71,147.02,150g
Kemchho Snack - Spicy Hot Mix,Snacks & Chips,$4.18,226.76,270g
Haldiram's All In One,Snacks & Chips,$14.26,773.6,1kg
Kemchho Snack - Jamnagari Gathiya,Snacks & Chips,$4.18,226.76,270g
Kemchho Snack - Kabuli Chana,Snacks & Chips,$4.18,226.76,270g
Samrat Ganthia,Snacks & Chips,$4.71,255.52,400g
Balaji Snack - Mung Dal,Snacks & Chips,$5.23,283.73,400g
Haldiram's Gol Kachori,Snacks & Chips,$2.99,162.21,200g
Malabar Treats Kerala Mixture,Snacks & Chips,$12.12,657.51,908g
Telugu Snk - Ribbon Pakoda,Snacks & Chips,$4.72,256.06,170g
Town Bus Snack - Chakli,Snacks & Chips,$3.93,213.2,170g
Town Bus Snack - Madras Mixture,Snacks & Chips,$3.93,213.2,170g
Aayu's Boondi Plain,Snacks & Chips,$9.99,541.96,900g
Aayu's Mora Sev,Snacks & Chips,$9.99,541.96,900g
Haldiram's Navratan Mix,Snacks & Chips,$2.71,147.02,160g
Samrat Sing Bhujiya,Snacks & Chips,$5.23,283.73,400g
Balaji Snack - Gathiya,Snacks & Chips,$4.12,223.51,300g
Hr Mgc Makhana Masala,Snacks & Chips,$2.47,134.0,30g
Kemchho Snack - Salted Boondi,Snacks & Chips,$4.18,226.76,270g
Telugu Snk - Janthikalu,Snacks & Chips,$4.72,256.06,170g
Aayu's Bhel Mix,Snacks & Chips,$9.99,541.96,900g
Balaji Snack - Aloo Sev,Snacks & Chips,$5.23,283.73,400g
Kemchho Snack - Bombay Bhel,Snacks & Chips,$4.18,226.76,270g
Everest Pasta Spice Mix,Spice Mixes / Masala,$2.80,151.9,38g
Mangal Madras Sambar Msl,Spice Mixes / Masala,$1.87,101.45,100g
Mast Rajashahi Garam Masala,Spice Mixes / Masala,"was $2.08


$1.49",112.84,100g
Ramdev Coriander Powder,Spice Mixes / Masala,$6.12,332.01,400g
Everest Chilli Flakes,Spice Mixes / Masala,$2.80,151.9,30g
Marathi Swad Masala - Amsul,Spice Mixes / Masala,$4.06,220.25,100g
Marathi Swad Masala - Vada Pav Chutney,Spice Mixes / Masala,$4.08,221.34,100g
Shan Bihari Kabab Mix,Spice Mixes / Masala,$2.03,110.13,50g
Shan Chicken Handi Mix,Spice Mixes / Masala,$2.03,110.13,50g
Shan Vegetable Biryani Miix,Spice Mixes / Masala,$2.03,110.13,45g
Brahmins Palada Payasam Mix,Spice Mixes / Masala,$2.62,142.14,200g
Mangal Kadhi Masala,Spice Mixes / Masala,$1.87,101.45,50g
777 Madras Sambar Powder,Spice Mixes / Masala,$3.37,182.82,165g
Badshah Jiralu/​Butter Milk Masala Best Before - 07/​02/​2024,Spice Mixes / Masala,$3.13,169.8,100g
Kapol Surti Jiralu Masala,Spice Mixes / Masala,$1.85,100.36,50g
Marathi Swaad Masala - Malvani,Spice Mixes / Masala,$4.08,221.34,100g
Marathi Swad Masala - Biryani,Spice Mixes / Masala,$4.18,226.76,100g
Mdh Paratha Masala,Spice Mixes / Masala,$2.48,134.54,100gm
Shan Tandoori Masala,Spice Mixes / Masala,$14.70,797.47,500g
A1 All In One Masala (​Chat),Spice Mixes / Masala,$3.37,182.82,150g
Mangal Garam Masala,Spice Mixes / Masala,$1.87,101.45,50g
Marathi Swaad Amboli Pith,Spice Mixes / Masala,$5.99,324.96,500g
Marathi Swaad Chole Masala Best Before - 12/​04/​2024,Spice Mixes / Masala,"was $5.13


$3.89",278.3,100g
Marathi Swad Masala - Chaas,Spice Mixes / Masala,$4.06,220.25,100g
Marathi Swad Msl - Coconut Garlic,Spice Mixes / Masala,$4.08,221.34,100g
Mast Sabji Masala,Spice Mixes / Masala,"was $2.08


$1.49",112.84,100g
Shan Chana Chat,Spice Mixes / Masala,$2.03,110.13,60g
Shan Haleem Masala,Spice Mixes / Masala,$2.03,110.13,60g
Shan Tikka Seekh Kabab Mix,Spice Mixes / Masala,$2.03,110.13,50g
Tit Bit NONG Paneer Chilly Masala Mix,Spice Mixes / Masala,$1.87,101.45,50g
Badshah Chat Masala,Spice Mixes / Masala,$3.13,169.8,100g
Brahmins Chutney Powder,Spice Mixes / Masala,$2.23,120.98,100g
Marathi Swad Masala - Ghati,Spice Mixes / Masala,$4.06,220.25,100g
Mdh Sindhi Biryani Masala,Spice Mixes / Masala,$2.63,142.68,100gm
Shan Chicken White Korma,Spice Mixes / Masala,$2.03,110.13,40g
Shan Vegetable Curry Mix,Spice Mixes / Masala,$2.03,110.13,50g
Eastern Chicken Fry Masala,Spice Mixes / Masala,$2.59,140.51,100g
Eastern Chilli Chicken Masala,Spice Mixes / Masala,$2.61,141.59,100g
Eastern Fish Masala,Spice Mixes / Masala,$4.06,220.25,165g
Everest Kitchen King Masala,Spice Mixes / Masala,$11.89,645.03,500g
Everest Oregano,Spice Mixes / Masala,$2.80,151.9,10g
Mangal Rajmah Masala,Spice Mixes / Masala,$1.87,101.45,100g
Marathi Swaad Dabheli Masala Peanuts,Spice Mixes / Masala,$4.20,227.85,200g
Marathi Swaad Elaichi Powder,Spice Mixes / Masala,$5.70,309.23,50g
Marathi Swad Masala - Brown Dates Powder,Spice Mixes / Masala,$7.00,379.75,200g
Mdh Karahi Gosht Msl,Spice Mixes / Masala,$2.63,142.68,100gm
Ramdev Garam Masala,Spice Mixes / Masala,$3.74,202.9,200g
Shan Daal Makhni Masala,Spice Mixes / Masala,$2.03,110.13,100g
Saurbhi Turmeric Whole,Spices,$2.28,123.69,200g
Saurbhi Yellow Mustard Seed,Spices,$1.84,99.82,200g
Freshco Sesame Seeds,Spices,$6.37,345.57,500g
Mother's Pride Chilli Powder - Extra Hot,Spices,$3.12,169.26,200g
Parsram Chilli Whole With Stem,Spices,$4.12,223.51,200g
Viya Peri Peri Masala,Spices,$2.28,123.69,50g
Indya Tamarind,Spices,$9.85,534.36,1kg
Maharaja/​C Chilli Crushed,Spices,$2.63,142.68,70g
Mother's Pride Chilli Whole Without Stick,Spices,$14.86,806.16,500g
Viya Cardemom Green Pod,Spices,$4.60,249.55,50g
Viya Jain Noodles Masala,Spices,$1.89,102.53,50g
Viya Tamarind Seedless,Spices,$2.05,111.21,200g
Bansari Date Seedless,Spices,$3.98,215.92,500g
Gajanand Buttermilk Masala,Spices,"was $1.99


$1.49",107.96,100g
MTR Karivepaku Podi,Spices,$2.92,158.41,100g
Saurbhi Kokam Wet,Spices,$2.46,133.45,200g
Uttam Dry Ginger Whole,Spices,$2.95,160.04,100g
Viya Chilli Powder Kashmiri,Spices,$26.82,1454.98,1kg
Mother's Pride Chilli Crushed,Spices,$7.91,429.12,500g
Mother's Pride Chilli Powder - Regular,Spices,$12.19,661.31,1kg
Saurbhi Chilli Powder,Spices,$17.65,957.51,1kg
Uttam Chilli Whole Hot,Spices,$13.06,708.5,500g
Brahmins Turmeric Powder,Spices,$2.87,155.7,200g
Mother's Pride Achar Masala,Spices,$6.74,365.65,500g
Saurbhi Achar Masala,Spices,$7.39,400.91,500g
Vandevi Hing,Spices,$7.55,409.59,200g
Mother's Pride Aji No Moto,Spices,$1.51,81.92,100g
Mustard Seeds Yellow - M & J,Spices,$2.21,119.89,100g
Pattu Cumin Powder,Spices,$25.53,1385.0,1kg
Saurbhi Long Pepper Whole,Spices,$5.41,293.49,100g
Viya Jain Peri Peri Masala,Spices,$1.89,102.53,50g
Bansari Coriander Seed,Spices,$10.64,577.22,908g
Saurbhi Kokam Dry,Spices,$2.88,156.24,200g
Mother's Pride Dates,Spices,$3.36,182.28,200g
Saurbhi Fenugreek Crushed,Spices,$3.27,177.4,200g
Saurbhi Round Chilli,Spices,$3.45,187.16,100g
Saurbhi Dry Amla Whole,Spices,$2.54,137.8,200g
Saurbhi Tukmaria,Spices,$3.43,186.08,200g
Uttam Charmagaz,Spices,$3.78,205.06,100g
Gajanand Hing Strong,Spices,"was $5.49


$4.99",297.83,100g
Maharaja/​C Aniseed Star,Spices,$2.58,139.96,25g
Mother's Pride Amchur Whole,Spices,$1.59,86.26,100g
Mother's Pride Cumin Powder,Spices,$16.19,878.31,1kg
Pattu Chilli Powder Hot,Spices,$2.49,135.08,200g
Saurbhi Coriander Seeds Brown,Spices,$2.86,155.16,200g
Saurbhi Pepper Whole,Spices,$25.87,1403.45,500g
Viya Vada Pav Chutney,Spices,$2.87,155.7,60g
Saras White Puttu Podi,Flours,$4.69,254.43,1kg
Saurbhi Flour - Cholafali,Flours,$3.72,201.81,454g
Thulasi Bajra Flour,Flours,$2.35,127.49,500g
Thulasi Peas Flour,Flours,$4.71,255.52,1kg
Thulasi Puttu Flour,Flours,$4.47,242.5,1kg
Bansari Flour - Magas,Flours,$4.41,239.24,908g
Brahmins Millet Puttu Powder,Flours,$7.84,425.32,500g
Gajanand Flour - Dhosa,Flours,$4.24,230.02,1kg
Gajanand Flour - Idli,Flours,$4.24,230.02,1kg
Gajanand Idli Rava,Flours,$4.24,230.02,1kg
Nirapara Ragi Puttu Podi,Flours,$5.50,298.38,1kg
Pattu Besan Flour Course,Flours,$4.31,233.82,1kg
Saras Idiyappam Podi,Flours,$4.69,254.43,1kg
Saras Palappam Podi,Flours,$6.27,340.15,1kg
Thulasi Premium Gram Flour,Flours,$4.71,255.52,1kg
Telugu Pickle - Dondakaya With Garlic,Pickles,$2.90,157.32,300g
Funfoods's Sandwich Spread,Pickles,$4.46,241.96,250g
Pachranga Pickle - Ginger Best Before - 15/​02/​2024,Pickles,$5.99,324.96,800g
Pachranga Pickle - Lime,Pickles,$5.99,324.96,800g
Priya Pickle - Green Tamanid With Garlic,Pickles,$2.68,145.39,300g
Priya Pkl - Lime,Pickles,$2.68,145.39,300g
Saurbhi Pickle - Lime Hot,Pickles,$3.85,208.86,400g
Telugu Pulihora Paste,Pickles,$3.65,198.01,300g
Deep Pickel Masala,Pickles,$3.61,195.84,200g
Mother's Pride Pickle - Mango,Pickles,$3.99,216.46,400g
Mother's Recipe Pickle Katki Mango,Pickles,$6.25,339.06,575gm
Pachranga Pickle - Lime&​Chili,Pickles,$5.99,324.96,800g
PIP Mixed Pickle,Pickles,$6.12,332.01,800g
Priya Pickle - Citron,Pickles,$2.68,145.39,300g
Sohna Pickle - Mango,Pickles,$5.15,279.39,1kg
Telugu Gongura Paste,Pickles,$3.66,198.56,300g
Ashoka Chutney - Date & Tamarin,Pickles,$5.23,283.73,300g
Deep Ginger & Garlic Paste,Pickles,$3.92,212.66,283g
Deep Pickle - Sweet Lime,Pickles,$8.55,463.84,850g
Marathi Swaad Chilli Pickle,Pickles,$4.26,231.1,500g
Mother's Garlic & Green Chilli,Pickles,$3.06,166.0,200g
Mother's Pride Pickle - Gunda,Pickles,$3.99,216.46,400g
Priya Pickle - Bitter Gourd,Pickles,$2.68,145.39,300g
Telugu Pickle - Green Chilli With Garlic,Pickles,$2.90,157.32,300g
Ashoka Harad Murabba,Pickles,$9.03,489.88,1kg
Bedekar Avakkaimango Pickle,Pickles,$3.83,207.78,400g
Bedekar Lime Chilli Pickle Best Before - 28/​02/​2024,Pickles,$3.83,207.78,400g
Brahmins Hot & Sweet Pickle,Pickles,$7.07,383.55,400g
Deep Ginger Paste,Pickles,$3.61,195.84,283g
Deep Pickle - Hot Lime,Pickles,$7.35,398.74,740g
Kalyan Tamarind Water,Pickles,$2.93,158.95,150g
Marathi Swaad Mix Pickle,Pickles,$4.26,231.1,500g
Mother's Ginger Garlic Pst,Pickles,$2.89,156.78,300g
Mother's Pride Mango Chhunda 1.​,Pickles,$7.49,406.33,200g
Mother's Pride Pickle - Punjabi Mango,Pickles,$7.49,406.33,1kg
Pachranga Harad Murabba,Pickles,$6.83,370.53,800g
Pachranga Pickle - Galgal Best Before - 15/​02/​2024,Pickles,$5.99,324.96,800g
Sohna Pickle - Mixed,Pickles,$5.15,279.39,1kg
Ashoka Vindaloo Paste,Pickles,$32.53,1764.75,5kg
Bedekar Mixed Pickle,Pickles,$3.83,207.78,400g
Deep Garlic Paste,Pickles,$3.61,195.84,283g
Funfoods's Garlic Chilli,Pickles,$4.46,241.96,250g
Mother's Hot Mango Pickle,Pickles,$34.57,1875.42,5kg
Mother's Pride Pickle - Gorkeri 1.​,Pickles,$7.49,406.33,200g
Mother's Recipe South Indian Cut Mng,Pickles,$5.48,297.29,400g
Pachranga Apple Murabba,Pickles,$6.83,370.53,800g
Pachranga Carrot Murabba,Pickles,$6.83,370.53,800g
Priya Lime Pickle With Garlic,Pickles,$7.97,432.37,1kg
Ramdev Chutney - Samosa,"Chutney, Paste & Sauces",$3.87,209.95,250gm
Sabrini Jal Jeera Pani,"Chutney, Paste & Sauces",$6.25,339.06,930ml
Saurbhi Sauce - Red Chilli,"Chutney, Paste & Sauces",$2.35,127.49,220g
Veeba Chunky Mango Chutney,"Chutney, Paste & Sauces",$7.22,391.68,350g
Veeba Eggless Veginnaise,"Chutney, Paste & Sauces",$5.97,323.87,300g
Veeba Garlic Veginnaise,"Chutney, Paste & Sauces",$5.97,323.87,300g
Viya Mint & Coriander Chutney,"Chutney, Paste & Sauces",$34.57,1875.42,5kg
Ashoka Chilli Vinegar,"Chutney, Paste & Sauces",$1.46,79.2,170ml
Ashoka Dark Soya Sauce,"Chutney, Paste & Sauces",$2.12,115.01,210g
Ashoka Green Chilli Sauce,"Chutney, Paste & Sauces",$2.12,115.01,190g
Ashoka Red Chilli Sauce,"Chutney, Paste & Sauces",$2.12,115.01,200g
Auspice Ginger Paste,"Chutney, Paste & Sauces",$51.76,2807.98,10kg
J & J Garlic Paste,"Chutney, Paste & Sauces","was $7.13


$5.79",386.8,1kg
J & J Ginger Paste,"Chutney, Paste & Sauces","was $7.13


$5.79",386.8,1kg
Khushboo Chtn - Samosa,"Chutney, Paste & Sauces",$4.38,237.61,370g
Maggi Rich Tomato Nong,"Chutney, Paste & Sauces",$5.50,298.38,500g
Mother's Tandoori Paste,"Chutney, Paste & Sauces",$39.87,2162.95,5kg
Mtr Sambar Paste,"Chutney, Paste & Sauces",$3.41,184.99,200g
Sabrini - Kala Khatta Pani,"Chutney, Paste & Sauces",$6.25,339.06,930ml
Sabrini Garlic Pani,"Chutney, Paste & Sauces",$6.25,339.06,930ml
Sabrini Ginger Pani,"Chutney, Paste & Sauces",$6.25,339.06,930ml
Viya Date & Tamarind Chutney,"Chutney, Paste & Sauces",$29.85,1619.36,5kg
Zaiqa Paste - Garlic,"Chutney, Paste & Sauces",$5.56,301.63,750g
Kemchho Bhakhri - Jeera,"Khakhara, Papad & Fryums",$3.49,189.33,200gm
Kemchho Bhakhri - Plain,"Khakhara, Papad & Fryums",$3.49,189.33,200gm
Saurbhi Fryums - Hearts,"Khakhara, Papad & Fryums",$1.45,78.66,200g
Saurbhi Fryums - Round,"Khakhara, Papad & Fryums",$1.45,78.66,200g
Saurbhi Sago Papad Plain,"Khakhara, Papad & Fryums",$2.29,124.23,200g
Shree Ganesh Single Pepper Papad,"Khakhara, Papad & Fryums",$2.61,141.59,200g
Spark Fryums Pipe Long,"Khakhara, Papad & Fryums",$2.43,131.83,400g
Viya Potato Sticks,"Khakhara, Papad & Fryums",$6.14,333.1,300g
777 Appalam Papad,"Khakhara, Papad & Fryums",$2.49,135.08,200g
I Snack Khakhra -Tredi Spice,"Khakhara, Papad & Fryums",$2.88,156.24,200g
Lijjat Punjabi Msl Papad,"Khakhara, Papad & Fryums",$1.99,107.96,200g
Maitrii Khakhra - Sada (​Plain),"Khakhara, Papad & Fryums",$10.00,542.5,500g
Marathi Swad Poha Mirgund,"Khakhara, Papad & Fryums",$3.84,208.32,200g
Raj Amrut Khakhra - Thepla,"Khakhara, Papad & Fryums",$4.01,217.54,250g
Saurbhi Fryums - Mix,"Khakhara, Papad & Fryums",$1.27,68.9,200g
Shree Ganesh Cumin Pepper Papad,"Khakhara, Papad & Fryums",$2.61,141.59,200g
Shree Ganesh Double Pepper Papad,"Khakhara, Papad & Fryums",$2.61,141.59,200g
Bansari Unfried Panipuri,"Khakhara, Papad & Fryums",$1.56,84.63,140g
Gajanand Khakhara - Plain,"Khakhara, Papad & Fryums","was $3.13


$2.49",169.8,200g
I Snack Bhakhri Jeera Farali,"Khakhara, Papad & Fryums",$2.89,156.78,180g
I Snack Khakhra - Italian Pizza,"Khakhara, Papad & Fryums",$2.88,156.24,200g
Kemchho Bhakhri - Masala,"Khakhara, Papad & Fryums",$3.59,194.76,200gm
Saurbhi Sago Papad Coin,"Khakhara, Papad & Fryums",$2.29,124.23,200g
Shanta G Khakhra Wheat Thins - Moong Masti,"Khakhara, Papad & Fryums",$2.99,162.21,150g
Spark Fryums Pipe Long,"Khakhara, Papad & Fryums",$1.79,97.11,200g
777 Appalam Papad,"Khakhara, Papad & Fryums",$1.49,80.83,100g
Gajanand Khakhara - Bajri,"Khakhara, Papad & Fryums","was $3.13


$2.49",169.8,200g
Gajanand Khakhara - Chatpata,"Khakhara, Papad & Fryums","was $3.13


$2.49",169.8,200g
Hari Om Methi Papad,"Khakhara, Papad & Fryums",$3.33,180.65,100g
I Snack Bhakhri Chili Farali,"Khakhara, Papad & Fryums",$2.89,156.78,180g
Maitrii Khakhra - Diet Methi,"Khakhara, Papad & Fryums",$11.43,620.08,500g
Maitrii Khakhra - Masala,"Khakhara, Papad & Fryums",$10.00,542.5,500g
Marathi Swaad Aloo Chi Patal Bhaji,"Khakhara, Papad & Fryums",$3.87,209.95,300g
Marathi Swaad Potato Mirgund Green,"Khakhara, Papad & Fryums",$3.11,168.72,200g
Gajanand Khakhara - Oats,"Khakhara, Papad & Fryums","was $3.13


$2.49",169.8,200g
Gajanand Khakhara - Peri Peri,"Khakhara, Papad & Fryums","was $3.13


$2.49",169.8,200g
Hari Om Gahu Chik Papad,"Khakhara, Papad & Fryums",$3.33,180.65,100g
Hari Om Kothimbir Papad,"Khakhara, Papad & Fryums",$3.33,180.65,100g
Hari Om Palak Papad,"Khakhara, Papad & Fryums",$3.33,180.65,100g
I Snack Khakhra - Peri Peri,"Khakhara, Papad & Fryums",$2.88,156.24,200g
I Snack Khakhra -Sing Dadiya,"Khakhara, Papad & Fryums",$2.88,156.24,200g
Maitrii Khakhra - Khichdi,"Khakhara, Papad & Fryums",$7.99,433.46,500g
Raj/​A Khakhra - Protein,"Khakhara, Papad & Fryums",$4.01,217.54,250g
Raj/​A Khakhra Mini,"Khakhara, Papad & Fryums",$7.39,400.91,280g
Udhaya Krishna Ghee,Oil & Ghee,$11.93,647.2,500ml
777 Groundnut Oil,Oil & Ghee,$10.20,553.35,1ltr
777 Groundnut Oil,Oil & Ghee,$37.20,2018.1,4ltr
888 Sesame Oil,Oil & Ghee,$14.64,794.22,1ltr
Corn Oil - Seven Seas,Oil & Ghee,$12.13,658.05,2ltr
Saffola Gold Oil,Oil & Ghee,$10.67,578.85,2ltr
Shuddh Ghee,Oil & Ghee,$67.33,3652.65,5 Ltr
Udhaya Krishna Ghee,Oil & Ghee,$18.99,1030.21,1ltr
Vegetable Oil - Amrit,Oil & Ghee,$59.09,3205.63,20ltr
Verka Ghee,Oil & Ghee,$81.25,4407.81,5ltr
Viya Ghee,Oil & Ghee,$122.58,6649.96,10ltr
Deep Pure Ghee 1.​,Oil & Ghee,$38.80,2104.9,89ltr
Deep Pure Ghee,Oil & Ghee,$9.86,534.9,444ml
Deep Pure Ghee,Oil & Ghee,$19.76,1071.98,946ml
Mahalaxmi Rice Bran Oil,Oil & Ghee,$5.70,309.23,1ltr
Mann Ghee,Oil & Ghee,$127.78,6932.06,10ltr
Mann Ghee,Oil & Ghee,$33.13,1797.3,2ltr
Parliament Ghee - Cow,Oil & Ghee,$14.58,790.96,1ltr
Parliament Ghee,Oil & Ghee,$15.63,847.93,1ltr
Patanjali Soybean Oil Best Before - 09/​05/​2024,Oil & Ghee,"was $7.49


$6.49",406.33,1l
Sabrini Ghee 1.​,Oil & Ghee,"was $29.99


$27.99",1626.96,6ltr
Sabrini Ghee,Oil & Ghee,"was $12.99


$9.99",704.71,400ml
Singh Dairy Ghee,Oil & Ghee,$19.16,1039.43,900ml
Thulasi Peanut Oil,Oil & Ghee,$51.76,2807.98,5ltr
Thulasi Sesame Oil,Oil & Ghee,$60.29,3270.73,5ltr
Tirupati Corn Oil,Oil & Ghee,"was $29.99


$24.99",1626.96,5ltr
Tirupati Cottonseed Oil,Oil & Ghee,"was $10.49


$8.49",569.08,2ltr
Udhaya Krishna Ghee,Oil & Ghee,$85.82,4655.73,5ltr
Vegetable Oil - Saurbhi,Oil & Ghee,$61.76,3350.48,20ltr
India Gate Sella Rice,Rice & Atta,$4.89,265.28,1kg
Pavizham Jaya Rice,Rice & Atta,$25.73,1395.85,10kg
Pramukh Classic Rice,Rice & Atta,$62.74,3403.64,20kg
Uphaar Gluten Free Atta,Rice & Atta,$24.19,1312.31,5kg
Annapurna Atta,Rice & Atta,$11.83,641.78,5kg
Bansari Rice - Indrayani,Rice & Atta,$27.99,1518.46,5kg
Basanti Basmati Classic Rice,Rice & Atta,$17.49,948.83,5kg
Lal Qilla Golden Sella Rice,Rice & Atta,$23.54,1277.04,5kg
Royal Gold Gluten Free Atta,Rice & Atta,$21.20,1150.1,5kg
Annapurna Atta,Rice & Atta,$22.64,1228.22,10kg
Daawat Biryani Rice,Rice & Atta,$50.45,2736.91,10kg
Deep Flour - Chapati 4.​,Rice & Atta,$15.15,821.89,5kg
Fortune Jasmine Rice,Rice & Atta,$30.88,1675.24,10kg
Grandma's Payasam Rice,Rice & Atta,$5.15,279.39,1kg
India Gate Nurjahan Rice,Rice & Atta,$24.86,1348.66,5kg
India Gate Sella Rice,Rice & Atta,$17.57,953.17,5kg
India Khaas Blue Rice,Rice & Atta,$16.96,920.08,5kg
Lal Qilla Shahjahan Rice,Rice & Atta,$20.60,1117.55,5kg
Matta Rice - Pavizham,Rice & Atta,$56.26,3052.1,20kg
Ponni Boiled - Pattu,Rice & Atta,$28.32,1536.36,10kg
Royal Indn Steam Basmati Rice 20,Rice & Atta,"was $61.78


$54.99",3351.56,20g
Taj King Parboiled Rice,Rice & Atta,$63.95,3469.29,20kg
Taj Supreme Rice,Rice & Atta,$23.82,1292.24,5kg
Mother's Pride Dal - Berlotti Beans,Lentils,$6.72,364.56,1kg
Saurbhi Dal - Val Beans Whole,Lentils,$5.11,277.22,1kg
Pattu Dal - Udad Dhall White,Lentils,$21.79,1182.11,5kg
Deep Dal - Toor Oily,Lentils,$5.92,321.16,907g
Deep Dal - Urad Gota,Lentils,$5.99,324.96,907g
Mother's Pride Dal - Mixed Beans,Lentils,$6.30,341.78,1kg
Mother's Pride Dal - Soya Beans,Lentils,$3.43,186.08,1kg
Pattu Dal - Black Lentils (​Masoor Whole),Lentils,$6.07,329.3,2kg
Pattu Dal - Mung Beans Celera,Lentils,$20.05,1087.71,5kg
Pattu Dal - Red Kidney Beans Light,Lentils,$22.77,1235.27,5kg
Pattu Dal - Udad Whole White,Lentils,$23.83,1292.78,5kg
Saurbhi Dal - Red Lentils Split,Lentils,$13.99,758.96,5kg
Viya Dal - Whole Wheat,Lentils,$3.22,174.68,1kg
Saurbhi Dal - Urid Gota,Lentils,$10.78,584.81,2kg
Saurbhi Dal - Mixed Lentils,Lentils,$4.56,247.38,1kg
Viya Dal - Masoor dal,Lentils,$13.06,708.5,5kg
Pattu Dal - Chick Peas Kabuli,Lentils,$16.28,883.19,5kg
Viya Dal - Red Kidney Beans Jammu,Lentils,$5.46,296.2,1kg
Pattu Dal - Soya Beans,Lentils,$3.69,200.18,1kg
Deep Dal - Moong,Lentils,$4.25,230.56,907g
Pattu Dal - Adzuki Beans,Lentils,$5.30,287.52,1kg
Pattu Dal - Chick Peas Kbl,Lentils,$16.28,883.19,5kg
Saurbhi Dal - Chana Dal,Lentils,$9.96,540.33,5kg
Mother's Pride Dal - Mung Bean Whole,Lentils,$21.00,1139.25,5kg
Pattu Dal - Chick Peas 9mm,Lentils,$8.56,464.38,2kg
Pattu Dal - Green Lentil,Lentils,$3.94,213.74,1kg
Mother's Pride Dal - Red Split Lentils,Lentils,$15.09,818.63,5kg
Mother's Pride Dal - Turtle Beans,Lentils,$5.39,292.41,1kg
Saurbhi Dal - Chickpeas Tyson (​Black Chana),Lentils,$9.96,540.33,5kg
Viya Bajri (​Millet) Whole,Lentils,$5.70,309.23,1kg
Mother's Pride Dal - Green Split Peas,Lentils,$4.27,231.65,1kg
Deep Dal - Moong Dal Split,Lentils,$4.25,230.56,907g
Jk Dal - Black Eye Beans,Lentils,$7.48,405.79,1kg
Mother's Pride Dal - Adzuki Beans,Lentils,$5.11,277.22,1kg
Saurbhi Dal - Mung Dal Yellow,Lentils,$20.62,1118.64,5kg
Jk Dal - Blue Boiler Peas,Lentils,$3.70,200.73,1kg
Mother's Pride Dal - Red Lentil Gota,Lentils,$4.15,225.14,1kg
Parsram Dal - Mung Dal,Lentils,$4.20,227.85,1kg
Mother's Pride Dal - Kabuli Chickpea 9mm,Lentils,$19.36,1050.28,5kg
Pattu Dal - Udad Whole Black,Lentils,$20.84,1130.57,5kg
Saurbhi Dal - Black Urid Split,Lentils,$19.56,1061.13,5kg
Jk Dal - Masoor Gota,Lentils,$4.33,234.9,1kg
Mother's Pride Dal - Black Chana (​Tyson),Lentils,$5.04,273.42,2kg
Saurbhi Dal - Borlotti ( Cranberry) Beans,Lentils,$6.51,353.17,1kg
Viya Dal - Chickpeas 11mm,Lentils,$7.98,432.92,1kg
Deep Dal - Masoor Split,Lentils,$3.87,209.95,907g
JK Wheat,Lentils,$2.69,145.93,1kg
Mother's Pride Dal - Green Lentils,Lentils,$3.40,184.45,1kg
Himalaya Pilex Tablets,Cosmetic,$7.35,398.74,60pcs
Itch Guard,Cosmetic,$1.33,72.15,12g
Laxmi Sat Isabgol,Cosmetic,$15.38,834.36,200g
Parachute Jasmine Hair Oil,Cosmetic,$4.66,252.8,190ml
Patanjali Ashwagandha Cap 60 Cap,Cosmetic,$10.35,561.49,60g
Patanjali Kesh Kanti Aloevera Hair Cleanser,Cosmetic,$6.10,330.92,200ml
Patanjali Multanii Face Pack,Cosmetic,$3.94,213.74,60g
Royal Gold Fitkari,Cosmetic,$4.32,234.36,200g
Santoor Sandal Soap x 4pk,Cosmetic,$6.26,339.6,100g
Supreme Henna - Dark Brown,Cosmetic,$2.51,136.17,150g
Dabur Amla Jasmin Hair Oil,Cosmetic,$6.83,370.53,300ml
Hamdard Joshina,Cosmetic,$5.67,307.6,200ml
Hesh Neem Powder,Cosmetic,$2.98,161.66,100g
Laxmi Sat-Isabgol,Cosmetic,$7.77,421.52,100g
Medimix Aryuvedic Natural Glycerine,Cosmetic,$2.95,160.04,125g
Moov Spray,Cosmetic,$11.53,625.5,80g
Vatika Deep Nourishes & Conditions,Cosmetic,"was $3.28


$1.49",177.94,65g
Vatika Gel Wax,Cosmetic,"was $3.28


$1.49",177.94,65g
Vatika Repairs & Restores,Cosmetic,"was $3.28


$1.49",177.94,65g
Vicks Inhaler 0.​,Cosmetic,$2.18,118.27,5ml
Vlcc Facial Kit Gold,Cosmetic,$17.00,922.25,60g
Zandu Balm,Cosmetic,$5.31,288.07,25ml
Dabur Janma Ghunti,Cosmetic,$2.64,143.22,125ml
Divya Gokshuradi Guggul 80 Tab,Cosmetic,$7.77,421.52,80g
Fem Diamond Bleach,Cosmetic,$4.08,221.34,10g
Fiama Gel Bar X 4 Pack,Cosmetic,$6.49,352.08,75g
Himalaya Anti Dandruff Hair,Cosmetic,$3.83,207.78,100ml
Himalaya Anti Hair Fall Crm,Cosmetic,$5.18,281.02,100ml
Himalaya Anti-Wrinkle Crm,Cosmetic,$10.08,546.84,50ml
Iodex Pain Balm,Cosmetic,$6.49,352.08,40g
Kesh King Onion Hair Oil,Cosmetic,$10.37,562.57,100ml
Kesh King Shampoo,Cosmetic,$6.91,374.87,200ml
Neha Herbal Mehandi,Cosmetic,$9.50,515.38,900gm
Parachute Onion Hair Oil,Cosmetic,$5.18,281.02,90ml
Patanjali Aloe Vera Gel,Cosmetic,$8.52,462.21,150ml
Patanjali Amla Hair Oil,Cosmetic,$4.41,239.24,200ml
Patanjali Dant Kanti Junior,Cosmetic,$3.73,202.35,100g
Patanjali Kesh Kanti Hair Oil,Cosmetic,$12.70,688.97,300ml
Pet Safa Churan,Cosmetic,$4.49,243.58,120g
Ayur Face Pack - Neem,Cosmetic,$3.14,170.34,100g
Ayur Face Pack - Shahi Ubtan 100,Cosmetic,$2.15,116.64,100g
Divya Shuddha Shilajeet,Cosmetic,$14.17,768.72,50g
Figaro Olive Oil,Cosmetic,$28.58,1550.46,500ml
Garnier Hair Color Natural Brown,Cosmetic,$2.18,118.27,20g
Garnier Hair Color Original Black,Cosmetic,$2.18,118.27,20g
Himalaya Face Wash Kesar Natural Glow,Cosmetic,$6.94,376.5,100ml
Pooja Khesh Am-90,Pooja Items,$11.48,622.79,90g
Pooja Mala 10inch Am-708,Pooja Items,$6.90,374.33,708g
Pooja Mala 12inch Am-714,Pooja Items,$6.90,374.33,714g
Shah Antariksha 3 In1,Pooja Items,$10.37,562.57,300g
Shah Pavitra Bhakti Dhoop,Pooja Items,$4.14,224.59,100g
Shah Tattva Dhoop Dabbi,Pooja Items,$5.22,283.18,100g
Shan E Taj Incense Stick,Pooja Items,$3.05,165.46,96g
Spark Abil Pwd,Pooja Items,$3.85,208.86,100g
Brass Devdas Diya No 4,Pooja Items,$11.50,623.88,4g
Buddha Face Statue Np 408,Pooja Items,$19.99,1084.46,408g
Car Ganesh 3 Inch,Pooja Items,$11.99,650.46,3g
Cycle Ins Stk Liya - Rainbw,Pooja Items,$4.28,232.19,110g
Cycle M Sandal Incs Stk 6 X 20s,Pooja Items,$5.48,297.29,6g
Cycle Sai Baba Incs Stk 6 X 20s,Pooja Items,$5.48,297.29,6g
Flute Wht Musk Incs Stk 6 X 20s,Pooja Items,$5.48,297.29,6g
Ganesh Statue Np 1149,Pooja Items,$14.99,813.21,1149g
Ganesh Statue Np 212,Pooja Items,$14.99,813.21,212g
Ganesh Statue Np 216,Pooja Items,$11.99,650.46,216g
Ganesh Statue Np 5421,Pooja Items,$24.99,1355.71,5421g
Ganesh Statue Np 806,Pooja Items,$14.99,813.21,806g
Gangotri Gangajal,Pooja Items,$6.91,374.87,1ltr
Golden Bajot 10x10 No - 08,Pooja Items,$22.98,1246.66,08g
Golden Bajot 12x12 No - 11,Pooja Items,$28.73,1558.6,11g
Golden Bajot 15x15 No - 14,Pooja Items,$57.50,3119.38,14g
Golden Bajot 8x8 No - 06,Pooja Items,$13.80,748.65,06g
Golden Mina Bajot No 14 Gm218,Pooja Items,$60.48,3281.04,14g
Golden Patla 10x15 No - 31,Pooja Items,$16.61,901.09,31g
Golden Patla 10x7 No - 25,Pooja Items,$11.07,600.55,25g
Hanuman Statue Np 287,Pooja Items,$29.99,1626.96,287g
Hanumanji Statue Np 222,Pooja Items,$14.99,813.21,222g
Hanumanji Statue Np 431,Pooja Items,$49.99,2711.96,431g
Hari Darshan Special Dhoop 16 Sticks,Pooja Items,$2.18,118.27,16g
Khushboo Abil Pwd,Pooja Items,$3.02,163.84,100g
Krishna Statue Np 470,Pooja Items,$9.99,541.96,470g
Lia Incense Stick - Rainbow,Pooja Items,$3.05,165.46,90g
Pooja - Am 100,Pooja Items,$22.98,1246.66,100g
Pooja Khesh Am-89,Pooja Items,$11.48,622.79,89g
Xtra Kleen Kitchen Cleaner,Washing & Cleaning Needs,$4.99,270.71,500ml
Xtra Kleen Multi Purpose Bucket With Handle,Washing & Cleaning Needs,$3.99,216.46,10ltr
Xtra Kleen Solid Gel Air Freshener,Washing & Cleaning Needs,$3.28,177.94,170g
"Hawkins Contura Stainless Steel Pressure Cooker, 5.​0 Litre Capacity",Utensils,$130.11,7058.47,5g
Hawkins Cooker - Classic New - Aluminium,Utensils,$43.68,2369.64,2 Ltr
Hawkins Cooker - Classic Wide,Utensils,$60.72,3294.06,3L
Hawkins Cooker Stainless Steel,Utensils,$100.03,5426.63,5ltr
Hawkins Hevibase Pressure cooker,Utensils,$58.19,3156.81,2Ltr
Lemon Squeezer 7.​5cm - Asstd Colors,Utensils,$7.59,411.76,7g
Tier Insulated Tiffin 0.​,Utensils,$9.28,503.44,7L
Vinod 26cm Kadai With Lid3.​,Utensils,$52.29,2836.73,7 Ltr
Wonderchef Austin Midi Stainless Steel Serving Casserole with Lid 1.​3 Litres/​20cm Silver,Utensils,$42.86,2325.15,1g
Wonderchef Plastic 5-Blade String Chopper Red/​White,Utensils,$20.30,1101.28,5g
Wonderchef Ultima Presure Cooker Outer Lid,Utensils,$95.38,5174.36,5Ltr
Cake Fork 14cm,Utensils,$4.58,248.46,4 Pcs
Coffee Spoon Set,Utensils,$2.53,137.25,4pcs
Coffee Warmer W Coper Base,Utensils,$11.12,603.26,650ml
Hawkins Contura,Utensils,$78.07,4235.3,5 Ltr
Hawkins Contura Black,Utensils,$70.09,3802.38,3 Ltr
Hawkins Contura XT Black 3.​,Utensils,$87.71,4758.27,5Ltr
Maxfresh Hot Pot 2.​,Utensils,$24.96,1354.08,5 L
Milton Ace Flop Bottle,Utensils,$2.86,155.16,1l
Spice Container 18.​5cm,Utensils,$21.89,1187.53,18g
Stainless Steel Top With Lid,Utensils,$17.42,945.04,3l
Tea Spoon Set,Utensils,$3.36,182.28,4pcs
Vinod Dinner Spoon Set,Utensils,$6.40,347.2,6pcs
Moti Mala 4inch Am-782,Seasonal Items,$4.40,238.7,782g
Moti Mala 7inch Am-788,Seasonal Items,$6.60,358.05,788g
Moti Toran 3ft Am-575,Seasonal Items,$13.20,716.1,575g
Moti Toran 3ft Am-577,Seasonal Items,$10.59,574.51,577g
Moti Toran 3ft Am-592,Seasonal Items,$17.41,944.49,592g
Moti Toran 3ft Am-608,Seasonal Items,$38.50,2088.62,608g
Sfj-12,Seasonal Items,$9.07,492.05,12g
Sfj-4,Seasonal Items,$9.07,492.05,4g
Small Plain 52 Genda 135cm - Except Red,Seasonal Items,$4.38,237.61,52g
Toran Hh-105,Seasonal Items,$23.46,1272.71,105g
Tp-492,Seasonal Items,$18.18,986.26,492g
Tp-497 Wel Come,Seasonal Items,$16.66,903.8,497g
Velvet Toran 3ft Am-521,Seasonal Items,$6.43,348.83,521g
Velvet Toran 3ft Am-523,Seasonal Items,$7.56,410.13,523g
Wooden Acrylic Board To Make Rangoli Code-120,Seasonal Items,$2.73,148.1,120g
Aayu's Chikki - Till,Biscuits,$3.99,216.46,200g
Cadbury Perk Best Before - 29/​02/​2024,Biscuits,$0.99,53.71,22g
Cherab's Cookie - Eggles Jam,Biscuits,$6.58,356.96,280g
Cherab's Cookies - Suji,Biscuits,$6.58,356.96,320gm
Crispeez Cookies - Badam,Biscuits,$4.99,270.71,350g
Crispeez Cookies - Kaju Pista,Biscuits,$4.99,270.71,320g
Crispeez Cookies - Pista,Biscuits,$4.99,270.71,350g
Elite Plum Cake,Biscuits,$15.38,834.36,800g
Parle Krack Jack Butter Masala 307.​,Biscuits,$5.99,324.96,8g
Priyagold Cheese Bite,Biscuits,$3.77,204.52,150g
Pulse Triple Twist Jar,Biscuits,$9.88,535.99,680g
Shree Ganesh Khari - Jeera,Biscuits,$2.99,162.21,200g
Aayu's Chikki - Mix Sticks,Biscuits,$3.99,216.46,200g
Aayu's Ladu - Mamara,Biscuits,$1.99,107.96,100g
Aayu's Ladu - Till,Biscuits,$3.99,216.46,200g
Anand Badamika,Biscuits,$7.81,423.69,225g
Balaji Cream Wafers - Chocolate,Biscuits,$0.55,29.84,16g
Bansari Candy - PassPass Pulse Kachcha Aam,Biscuits,$2.99,162.21,200g
Bansari Candy - Swad,Biscuits,$2.99,162.21,200g
Britania Choco Delights,Biscuits,$10.98,595.67,834g
Britannia 50 -50 Potazos,Biscuits,$2.18,118.27,100g
Britannia Treat Burst Choco,Biscuits,$1.61,87.34,120g
Center Fresh Spearmint,Biscuits,$10.98,595.67,225pcs
Dairy Milk Fruit Nut Chocolate,Biscuits,$3.49,189.33,55g
Fab Bourbon,Biscuits,$6.60,358.05,500g
Karachi Fruit & Cashew Biscuits,Biscuits,$8.55,463.84,400g
Karachi Fruit & Osmania Biscuits,Biscuits,$8.55,463.84,400g
Karachi Zeera Biscuits,Biscuits,$6.10,330.92,400g
Pachranga Candy - Ginger,Biscuits,$2.70,146.48,200g
Priyagold Chatpatta Cashew,Biscuits,$3.83,207.78,200g
Shaan E Punjab Biscuits - Gur,Biscuits,$7.02,380.84,800g
Shree Ganesh Khari - Masala,Biscuits,$2.99,162.21,200g
Veer Jee Cookies - Coconut,Biscuits,$10.98,595.67,600g
Veer Jee Cookies - Digestive,Biscuits,$10.98,595.67,600g
Atul Surti Nankhatai,Biscuits,$3.11,168.72,200g
Bansari Candy - Coffy Bite,Biscuits,$2.99,162.21,200g
Bansari Candy - Toffichoo,Biscuits,$2.99,162.21,200g
Britannia Cream Wafer - Hazelnut,Biscuits,$1.08,58.59,75g
Cherab's Cookies - Gur,Biscuits,$14.06,762.76,950g
Cherab's Cookies - Tasty Ajwain,Biscuits,$6.58,356.96,280g
Chupa Chups Green Apple Lollipop,Biscuits,$1.08,58.59,12g
Cremica Cookies - Coconut,Biscuits,$10.98,595.67,900g
Crispeez Cookies - Chai,Biscuits,$4.99,270.71,300g
Crispeez Cookies - Fruity Nutty,Biscuits,$4.99,270.71,350g
Dairy Milk Silk Roasted Almond Chocolate,Biscuits,$3.49,189.33,58g
Dark Fantasy - Choco Meltz,Biscuits,$3.83,207.78,150g
Deep Cream Roll - Vanilla,Biscuits,$4.63,251.18,200g
Karachi Three Majestic Biscuits,Biscuits,$11.38,617.36,600g
Deep Paratha - Home Style Family Pack,Frozen,$14.26,773.6,20pcs
Haldiram Jumbo Punjabi Samosa - 1.​,Frozen,$22.40,1215.2,20pcs
Saurbhi Iqf - Baby Bhindi,Frozen,$2.18,118.27,312g
Deep Samosa Jumbo Punjabi,Frozen,$9.33,506.15,8pcs
Haldiram Paratha - Onion,Frozen,$6.58,356.96,400g
Home Roots Punjabi Samosa X,Frozen,"was $8.49


$5.99",460.58,75g
Shuddh Ice Cream - Paan,Frozen,$10.65,577.76,1ltr
Home Roots Kathi Roll - Hara Bhara Kebab,Frozen,"was $3.99


$2.69",216.46,156g
Mel'd Samosa - Panjabi 20pc*​,Frozen,$19.76,1071.98,100g
Vadilal Patra Curried,Frozen,$4.38,237.61,315g
Deep Frozen Veg - Fansi,Frozen,$3.28,177.94,340g
Haldiram Khatta Dhokla,Frozen,$5.13,278.3,12 Pcs
Haldiram Samosa - Hot & Spicy,Frozen,$11.00,596.75,650gm
Sabrini Chilli Mili Samosa,Frozen,$8.89,482.28,660g
Vadilal Green Peas,Frozen,$7.13,386.8,908g
Bhagwati's Methi Dhebra,Frozen,$3.83,207.78,285g
Daily Delight Tapioca,Frozen,$5.48,297.29,908g
Bhagwati's Bajri Rotla,Frozen,$3.81,206.69,333g
Bhagwati's Patra Vata,Frozen,$5.41,293.49,454g
Home Roots Kathi Roll - Veg Cutlet,Frozen,"was $3.99


$2.69",216.46,156g
Karan's Paneer Cubes,Frozen,$11.36,616.28,500g
Vadilal Drumstick,Frozen,$7.13,386.8,908g
Vadilal Mix Veg Paratha,Frozen,$2.95,160.04,4 Pcs
Vadilal Kesar Mango Pulp,Frozen,$7.68,416.64,800g
Ashoka Patra Slice,Frozen,$2.89,156.78,310g
Haldiram Paratha - Pudina,Frozen,$6.87,372.7,6pcs
Sabrini Potli Samosa,Frozen,$8.34,452.44,450g
Vadilal Ice Cream - Butterscotch,Frozen,$8.49,460.58,500ml
Vadilal Pizza Pockets,Frozen,$5.48,297.29,8 Pcs
Vadilal Turia,Frozen,$3.28,177.94,312g
Daily Delight Malabar Porotta,Frozen,$11.78,639.06,908g
Deep Paratha - Aloo,Frozen,$5.41,293.49,4pcs
Haldiram's Aloo Kulcha,Frozen,$7.07,383.55,4pcs
Home Roots Iqf - Suran,Frozen,"was $2.29


$1.29",124.23,312g
Saurbhi Iqf - Palak,Frozen,$2.35,127.49,312g
Udupi Masala Dosa,Frozen,$5.76,312.48,4pcs
Haldiram's Aloo Tikki 8pc,Frozen,$9.42,511.04,420gm
Shuddh Ice Cream - Paan,Frozen,$3.66,198.56,150ml
Vadilal Ice Cream - Rajbhog Kulfi,Frozen,$8.49,460.58,500ml
Deep Chutney - Coconut,Frozen,$4.01,217.54,283g
Vadilal Potato Masala Fries,Frozen,$5.48,297.29,375g
Bhagwati's Khaman Surti,Frozen,$3.42,185.54,311g
Udupi Idli Masala,Frozen,$3.61,195.84,255g
Deep Paratha - Home Style,Frozen,$4.20,227.85,5pcs
Sabrini Hara Bhara Kebab,Frozen,$7.21,391.14,360g
Vadilal Aloo Paratha,Frozen,$2.95,160.04,4 Pcs
Haldiram Idli 1.​,Frozen,$15.71,852.27,24pcs
Saurbhi Iqf - Parval,Frozen,$2.18,118.27,312g
Kemchho Snack - Tea Time Puri,Snacks & Chips,$4.18,226.76,270g
Malabar Treats Kerala Mixture Ex Hot,Snacks & Chips,$12.04,653.17,908g
Kemchho Snack - Fulwadi,Snacks & Chips,$4.18,226.76,270g
Lay's Sizzling Hot,Snacks & Chips,"was $2.08


$1.79",112.84,50g
Modern Kitchen Sev Thin,Snacks & Chips,$5.76,312.48,400g
Telugu Snk - Chekkalu,Snacks & Chips,$4.72,256.06,170g
Haldiram's Gujarati Mixture,Snacks & Chips,$3.41,184.99,200g
Kemchho Snack - Methi Para,Snacks & Chips,$4.18,226.76,270g
Kemchho Snack - Moong Dal,Snacks & Chips,$4.18,226.76,270g
Kozhi Koden Snk - Kerla Mix,Snacks & Chips,$6.14,333.1,400g
Aayu's Soya Sticks,Snacks & Chips,$4.49,243.58,360g
Aayu's Surti Lemon Bhel,Snacks & Chips,$4.99,270.71,360g
Haldiram's Long Sev,Snacks & Chips,$3.41,184.99,200g
Haldiram's Punjabi Sabji Pakoda,Snacks & Chips,$4.87,264.2,350g
Kemchho Snack - Banana Pepper,Snacks & Chips,$4.12,223.51,270g
Telugu Snk - Mullu Murukulu,Snacks & Chips,$4.72,256.06,170g
Hr Mgc Makhana Salt & Pepper,Snacks & Chips,$2.47,134.0,30g
Satva Snack - Fafda,Snacks & Chips,$8.25,447.56,250g
Satva Snack - Masala Papdi,Snacks & Chips,$8.25,447.56,250g
Telugu Snk - Masala Peanuts,Snacks & Chips,$4.72,256.06,170g
Town Bus Snack - Khara Boondi,Snacks & Chips,$3.93,213.2,170g
Kemchho Snack - Diet Bhel,Snacks & Chips,$4.18,226.76,270g
Balaji Wafers - Chataka Pataka Tangy Tomato6,Snacks & Chips,$1.15,62.39,5g
Amdavadi Ratlami Sev,Snacks & Chips,$2.49,135.08,200g
Viya Snk - Chat Papdi,Snacks & Chips,$4.50,244.12,400g
Aayu's Bhavnagari Ganthiya,Snacks & Chips,$9.99,541.96,900g
Balaji Chataka Pataka Fl.​Hot,Snacks & Chips,$1.44,78.12,65g
Haldiram's Bhujia,Snacks & Chips,$6.07,329.3,400gm
Haldiram's Plain Bhujia,Snacks & Chips,$12.25,664.56,1kg
Samrat Ratlami Sev,Snacks & Chips,$4.71,255.52,400g
Amdavadi Bhavnagari Ganthiya,Snacks & Chips,$2.49,135.08,200g
Haldiram's Bombay Mix,Snacks & Chips,$3.41,184.99,200g
Laxminarayan Mix Farsan,Snacks & Chips,$7.86,426.4,500g
MTH Misal Farsan,Snacks & Chips,$4.98,270.17,300g
Telugu Snack - Atukula Mixture,Snacks & Chips,$4.72,256.06,170g
Shyam/​S Snk - Ratlami Sev,Snacks & Chips,$4.98,270.17,400g
Amdavadi Masala Boondi,Snacks & Chips,$2.49,135.08,200g
Balaji Wafers - Tomato Twisty,Snacks & Chips,$3.41,184.99,135g
Aayu's Chakri - Masala,Snacks & Chips,$3.99,216.46,200g
Aayu's Dry Kachori,Snacks & Chips,$4.19,227.31,360g
Haldiram's Mixture,Snacks & Chips,$5.94,322.24,400g
Kemchho Snack - Khatta Mitha,Snacks & Chips,$4.18,226.76,270g
Balaji Wafers - Simply Salted,Snacks & Chips,$3.41,184.99,150g
Kemchho Phool Makhana (​Fox Nut) Cheese Masala,Snacks & Chips,$4.78,259.32,100g
Kemchho Snack - Garlic Sev Mamara,Snacks & Chips,$4.18,226.76,270g
Kirtiraj Snack - Shakarpara,Snacks & Chips,$2.61,141.59,200g
Kozhi Koden Snack- Kerla Mix HOT,Snacks & Chips,$6.14,333.1,400g
Malabar Treats Special Murukku,Snacks & Chips,$5.36,290.78,300g
Shan Fruit Chaat,Spice Mixes / Masala,$2.03,110.13,50g
Suhana Garam Masala,Spice Mixes / Masala,$1.87,101.45,100g
Suhana Pavbhaji,Spice Mixes / Masala,$2.36,128.03,100g
Tit Bit Schezwan Fried Rice Masala,Spice Mixes / Masala,$1.87,101.45,50g
Everest Pizza Spice Mix,Spice Mixes / Masala,$2.80,151.9,38g
Mangal Bombay Biryani,Spice Mixes / Masala,$1.87,101.45,50g
Mangal Hyderabadi Biryani,Spice Mixes / Masala,$1.87,101.45,50g
Marathi Swaad Kacchhi Dabheli Masala,Spice Mixes / Masala,$6.30,341.78,250g
Marathi Swaad Stone Flower/​Lichen Masala,Spice Mixes / Masala,$2.10,113.93,20g
Eastern Asafoetida Poeder,Spice Mixes / Masala,$4.79,259.86,100g
Eastern Madras Sambhar Pw,Spice Mixes / Masala,$1.98,107.42,50g
Eastern Tandoori Masala,Spice Mixes / Masala,$2.59,140.51,100g
Marathi Swaad Marathi Moggu Masala,Spice Mixes / Masala,$4.36,236.53,100g
Mdh Arhar Dal Masala,Spice Mixes / Masala,$2.25,122.06,100gm
Mdh Baingan Bhartaa Masala,Spice Mixes / Masala,$2.57,139.42,100gm
Ramdev Sambhar Masala,Spice Mixes / Masala,$2.59,140.51,100g
Shan Meat Tenderizer,Spice Mixes / Masala,$2.47,134.0,40g
Shan Palak Panner Masala,Spice Mixes / Masala,$2.03,110.13,100g
Tit Bit NONG Hakka Noodles Masala,Spice Mixes / Masala,$1.87,101.45,50g
888 Instant Puliyodharai Mix,Spice Mixes / Masala,$4.35,235.99,165g
888 Madras Rasam Powder,Spice Mixes / Masala,$4.35,235.99,165g
Badshah Mathura's Jaljira Powder,Spice Mixes / Masala,$3.13,169.8,100g
Brahmins Garam Masala,Spice Mixes / Masala,$4.69,254.43,100g
Eastern Chicken 65 Masala,Spice Mixes / Masala,$2.23,120.98,50g
Mahalaxmi Nong Kutchi Dabeli Mix Masala,Spice Mixes / Masala,$1.93,104.7,100g
Mahalaxmi Sev Usal Masala,Spice Mixes / Masala,$3.05,165.46,100g
Mangal Chicken Tikka,Spice Mixes / Masala,$1.87,101.45,100g
Marathi Swaad Tawa PulavMasala,Spice Mixes / Masala,$4.06,220.25,100g
Shan Chicken 65,Spice Mixes / Masala,$2.03,110.13,60g
777 Idly Chilly Powder,Spice Mixes / Masala,$3.37,182.82,165g
888 Idly Chilly Powder,Spice Mixes / Masala,$4.35,235.99,165g
Badshah Kadhi Masala Best Before - 07/​02/​2024,Spice Mixes / Masala,$3.13,169.8,100g
Brahmins Palakkadan Chutney Powder,Spice Mixes / Masala,$2.40,130.2,100g
Eastern Chat Masala,Spice Mixes / Masala,$2.82,152.98,100g
Eastern Egg Masala,Spice Mixes / Masala,$4.06,220.25,165g
Mahalaxmi Nong Pasta Masala,Spice Mixes / Masala,$3.71,201.27,100g
Mahalaxmi Nong Sandwich Masala,Spice Mixes / Masala,$2.83,153.53,100g
Marathi Swad Masala - Javas Chutney,Spice Mixes / Masala,$4.08,221.34,100g
Shan Tikka Boti BBQ Mix,Spice Mixes / Masala,$2.03,110.13,50g
Telugu Chicken 65 Masala,Spice Mixes / Masala,$2.40,130.2,50g
Thulasi Hyderabadi Dum Biriyani Masala,Spice Mixes / Masala,$4.35,235.99,165g
Brahmins Pickle Powder,Spice Mixes / Masala,$2.67,144.85,100g
Eastern Biryani Masala,Spice Mixes / Masala,$2.61,141.59,100g
Eastern Hr Biryanimasala,Spice Mixes / Masala,$2.38,129.11,60g
Eastern Mutton Masala,Spice Mixes / Masala,$2.82,152.98,100g
Everest Chat Masala,Spice Mixes / Masala,$11.62,630.38,500g
Gajanand Bay Leaves,Spice Mixes / Masala,$1.95,105.79,100g
Mangal Chicken Masala,Spice Mixes / Masala,$1.87,101.45,100g
Sesame Seeds Black - M & J,Spices,$2.90,157.32,250g
Viya Patthar Phool,Spices,$5.09,276.13,100g
White Pepper Whole - M & J,Spices,$3.20,173.6,100g
Bansari Fried Onion,Spices,$6.99,379.21,908g
Mother's Pride Ganthoda Powder,Spices,$5.61,304.34,200g
Pattu Turmeric,Spices,$1.10,59.68,100g
Saurbhi Kasuri Methi,Spices,$15.64,848.47,1kg
Uttam Fenugreek Powder,Spices,$1.80,97.65,100g
Uttam Mulethi Powder,Spices,$2.63,142.68,100g
Fennel Seeds - M & J,Spices,$3.86,209.4,250g
Mother's Pride Char Gond,Spices,$3.02,163.84,200g
Mtr Kandi Podi,Spices,$2.92,158.41,100g
Prakash Kolhapuri Thecha Red Chilli-Garlic Chutney,Spices,$2.46,133.45,100g
Prakash Onion Garlic Masala,Spices,$4.93,267.45,200g
Saurbhi Chilli Powder Mild,Spices,$16.43,891.33,500g
Saurbhi Khichadi Masala,Spices,$1.86,100.9,100g
Spark Amchur Powder,Spices,$2.46,133.45,200g
Maharaja/​C Cinnamon Quills,Spices,$2.58,139.96,15g
Maharaja/​C Oregano,Spices,$2.63,142.68,15g
Mayil Kudampuli,Spices,$4.10,222.42,200g
Mother's Pride Chilli Powder - Extra Hot,Spices,$7.56,410.13,500g
Mother's Pride Dill Seeds,Spices,$3.45,187.16,200g
Saurbhi Ganthoda Powder,Spices,$3.91,212.12,100g
Spark Kasuri Methi,Spices,$2.65,143.76,100g
Uttam Citric Acid,Spices,$2.30,124.78,100g
Viya Cinnamon Powder,Spices,$3.64,197.47,50g
Mother's Pride Cardemom Seeds,Spices,$4.10,222.42,50g
Saurbhi Amchur Whole,Spices,$2.18,118.27,100g
Saurbhi Sesame Seed Hulled,Spices,$13.78,747.56,1kg
Vasant Jeeralu Powder,Spices,$2.51,136.17,100g
Mother's Pride Cardemom Seeds,Spices,$8.19,444.31,100g
Ramdev Mint Leaves Dry,Spices,$3.86,209.4,100g
Saurbhi Anardana Whole,Spices,$4.22,228.93,100gm
Saurbhi Mint Fennel Seeds,Spices,$6.56,355.88,1kg
Uttam Ajino Moto,Spices,$1.80,97.65,100g
Uttam Baking Powder,Spices,$2.63,142.68,100g
Viya Himalayan Pink Salt,Spices,$1.89,102.53,100g
Indya Garlic Powder,Spices,$3.11,168.72,200g
Indya Marathi Moggu,Spices,$4.51,244.67,100g
Saurbhi Black Pepper Whole,Spices,$10.51,570.17,200g
Saurbhi Cumin Powder,Spices,$14.97,812.12,1kg
Saurbhi Nutmeg Powder,Spices,$2.26,122.6,50g
Uttam Anar Dana Whole,Spices,$2.05,111.21,100gm
Viya Shikakai,Spices,$4.60,249.55,150g
Ahmed Himalayan Pink Salt,Spices,$4.51,244.67,600g
Bansari Coriander Seed,Spices,$5.31,288.07,454g
Bansari Dabeli Masala,Spices,$4.13,224.05,250g
Telugu Pickle - Gongura W/​G,Pickles,$2.90,157.32,300g
Thulasi Pickle - Garlic,Pickles,$4.38,237.61,300g
Thulasi Pickle - Green Chilli,Pickles,$4.38,237.61,300g
Thulasi Pickle - Lemon,Pickles,$4.38,237.61,300g
Thulasi Pickle - Raw Mango,Pickles,$4.38,237.61,300g
Thulasi Pickle - Spicy Mixed,Pickles,$4.38,237.61,300g
Mother's Pride Dal - Light Red Kidney Beans,Lentils,$20.34,1103.44,5kg
Deep Dal - Toor,Lentils,$5.92,321.16,907g
Mother's Pride Dal - Great Northen Beans,Lentils,$5.32,288.61,1kg
Pattu Dal - Udad Split Black,Lentils,$9.01,488.79,2kg
Deep Dal - Chana,Lentils,$3.15,170.89,907g
Mother's Pride Dal - Mung Bean Whole,Lentils,$8.26,448.1,2kg
Pattu Dal - Black Eye Beans,Lentils,$29.38,1593.86,5kg
Saurbhi Dal - Chickpeas Ord River,Lentils,$13.86,751.9,2kg
Jk Dal - White Peas,Lentils,$4.56,247.38,1kg
Mother's Pride Dal - Moong Dal - Yellow,Lentils,$9.94,539.24,2kg
Mother's Pride Dal - Mung Bean Split,Lentils,$21.66,1175.06,5kg
Pattu Dal - Black Lentils,Lentils,$14.31,776.32,5kg
Pattu Dal - Lima Beans,Lentils,$9.19,498.56,1kg
Saurbhi Dal -Yellow Split Pe,Lentils,$2.59,140.51,1kg
Jk Dal - Chana Dal (​Split Chick Peas),Lentils,$9.08,492.59,4kg
JK Dal - Masoor Dal,Lentils,$12.69,688.43,4kg
Punit Dal - Red Chori,Lentils,$4.38,237.61,1kg
Viya Dal - Chana dal,Lentils,$10.17,551.72,5kg
Katoomba Dal - Lima Beans,Lentils,$8.89,482.28,1kg
Pattu Dal - Udad Split Black,Lentils,$23.15,1255.89,5kg
Saurbhi Dal - Kidney Bn Dark,Lentils,$25.60,1388.8,5kg
Saurbhi Dal - Mung Bean Berken,Lentils,$17.85,968.36,5kg
Saurbhi Dal - Mung Split With Skin,Lentils,$18.70,1014.47,5kg
Viya Dal - Red Kidney Beans D,Lentils,$5.62,304.88,1kg
Viya Dal - Vaal,Lentils,$7.35,398.74,1kg
Jk Dal - Mixed Beans,Lentils,$5.17,280.47,1kg
Jk Dal - Moong Dal,Lentils,$8.78,476.31,2kg
M & J Dal - Mung Bean Whole,Lentils,$3.22,174.68,1kg
Mother's Pride Dal - Mung Bean Celera,Lentils,$5.25,284.81,1kg
Parivaar Horse Gram,Lentils,$6.37,345.57,1kg
Parivaar Red Cow Peas,Lentils,$6.75,366.19,1kg
Pattu Dal - Chick Peas Large,Lentils,$32.00,1736.0,5kg
Saurbhi Dal - Urid Dal,Lentils,$7.26,393.85,2kg
Mother's Pride Dal - Chana Dal,Lentils,$5.17,280.47,2kg
Mother's Pride Dal - Red Split Lentils,Lentils,$6.16,334.18,2kg
Parsram Dal - Blk Eye Bean,Lentils,$5.59,303.26,1kg
Pattu Dal - Mixed Punjabi Dal,Lentils,$4.43,240.33,1kg
Saurbhi Dal - Black Urid Whole,Lentils,$22.37,1213.57,5kg
Saurbhi Dal - Val Dal,Lentils,$5.23,283.73,1kg
Viya Dal - Toor Whole,Lentils,$5.32,288.61,1kg
JK Dal - Kala Chana,Lentils,$9.71,526.77,4kg
Mother's Pride Dal - Black Eye Beans,Lentils,$30.61,1660.59,5kg
Mother's Pride Dal - Dark Red Kidney Bean,Lentils,$25.59,1388.26,5kg
Mother's Pride Dal - Whole Wheat,Lentils,$42.00,2278.5,25kg
Parsram Dal - Chana,Lentils,$2.44,132.37,1kg
Pattu Dal - Chick Peas 9mm,Lentils,$17.25,935.81,5kg
Rajah's Desi Val - Faba Bean,Lentils,$6.04,327.67,1kg
Viya Dal - Chickpe Tyson,Lentils,$10.43,565.83,5kg
Himalaya Pimple Clear Cream,Cosmetic,$2.27,123.15,20g
Lotus Facial Kit Anti-Tan Whitening & Glow,Cosmetic,$9.66,524.06,40g
Maha Bingraj Hair Oil,Cosmetic,$11.23,609.23,200ml
Margo Soap X 5,Cosmetic,$8.64,468.72,100g
Neha Herbal Mehandi,Cosmetic,$7.18,389.52,400g
Patanjali Shampoo - Natural,Cosmetic,$5.10,276.67,180ml
Patanjali Shampoo - Shikakai,Cosmetic,$5.10,276.67,180ml
Pears Pure & Gentle X 3pack,Cosmetic,$9.50,515.38,125g
Real Man Body Spray - Fresh Active,Cosmetic,"was $7.99


$2.99",433.46,150ml
Real Man Body Spray - Fresh Mood,Cosmetic,"was $7.99


$2.99",433.46,150ml
Sitopladi Churan - Divya,Cosmetic,$2.59,140.51,10g
Vicco Vajradanti Powder x 2pack,Cosmetic,$8.23,446.48,100g
Vlcc Facial Kit Platinum,Cosmetic,$17.00,922.25,60g
Amrutanjan Headache Roll On,Cosmetic,$3.83,207.78,10ml
Burnol Burns Cream,Cosmetic,$3.28,177.94,25g
Clinic Plus Shampoo,Cosmetic,$8.31,450.82,355ml
Dabur Amla Hair Oil,Cosmetic,$4.59,249.01,180ml
Dabur Amla Hair Oil,Cosmetic,$5.99,324.96,275ml
Dabur Dashmularishta,Cosmetic,$7.77,421.52,450ml
Dabur Lal Tail Oil,Cosmetic,$8.64,468.72,200ml
Eno Regular X 30pk,Cosmetic,$12.00,651.0,5g
Fair & Lovely Face Wash Bright Glow,Cosmetic,$6.11,331.47,100g
Godrej Expert Cream Hair Clour B/​Brw,Cosmetic,$1.74,94.4,20g
Indulekha Hair Shampoo,Cosmetic,$9.99,541.96,200ml
Itch Guard,Cosmetic,$3.97,215.37,25g
Lotus Radiance Boost Ubtan,Cosmetic,$14.28,774.69,50g
Mamaearth Face Wash Ubtan,Cosmetic,$9.33,506.15,100ml
Patanjali Chandraprabha Vati 120,Cosmetic,$9.50,515.38,120g
Patanjali Face wash Honey Orange,Cosmetic,$3.59,194.76,60g
Patanjali Shampoo - Anti Dandruff,Cosmetic,$5.70,309.23,180ml
Patanjali Shampoo - Reetha,Cosmetic,$5.10,276.67,180ml
Patanjali Tejus Tailum Oil,Cosmetic,$4.58,248.46,100ml
Patanjali Tulsi Ghanvati 60 N,Cosmetic,$7.91,429.12,60g
Pears Pure & Gentle X 4pk,Cosmetic,$5.60,303.8,75g
Stayfree Ultra Thin Light Pads With Wings 16 Pack,Cosmetic,$3.66,198.56,16g
Vatika Classic Bees Wax,Cosmetic,"was $3.28


$1.49",177.94,65g
Cinthol Deo Cologne Soap,Cosmetic,$2.86,155.16,125g
Dabur Honitus Madhuvani,Cosmetic,$5.42,294.03,150g
Dettol Antiseptic,Cosmetic,$3.20,173.6,125ml
Dettol Cool Soap X 3pack,Cosmetic,$7.35,398.74,150g
Divy Triphala Churan,Cosmetic,$3.02,163.84,100g
Eno Zesty Orange Tablet,Cosmetic,$2.99,162.21,10pcs
Godrej Coconut & Neem Soap,Cosmetic,$2.23,120.98,115g
Hair & Care Aloevera Oil,Cosmetic,$6.07,329.3,300ml
Himalaya Brahmi Teblets,Cosmetic,$7.35,398.74,60pcs
Pooja Mala 10inch Am-707,Pooja Items,$6.90,374.33,707g
Pooja Mala 12inch Am-721,Pooja Items,$8.05,436.71,721g
Pooja Mala 18inch Am-742,Pooja Items,$13.80,748.65,742g
Pooja Mala 18inch Am-752,Pooja Items,$13.80,748.65,752g
Pooja Mala 3inch Am-692,Pooja Items,$4.60,249.55,692g
Pooja Mala 4inch Am-693,Pooja Items,$5.75,311.94,693g
Pooja Mala 4inch Am-694,Pooja Items,$5.75,311.94,694g
Pooja Mala 7inch Am-697,Pooja Items,$6.90,374.33,697g
Pooja Mala 7inch Am-700,Pooja Items,$6.90,374.33,700g
Pooja Nakshi Bell - 3076,Pooja Items,$28.73,1558.6,3076g
Pooja Nandi Bell - 3065,Pooja Items,$17.23,934.73,3065g
Pooja Star Divi Copper - 3069,Pooja Items,$2.86,155.16,3069g
Pooja Supdi Am-145,Pooja Items,$6.88,373.24,145g
Rajwadi Bajot 10x10 No - 09,Pooja Items,$22.98,1246.66,09g
Rajwadi Bajot 12x12 No - 13,Pooja Items,$40.25,2183.56,13g
Rajwadi Bajot 15x15 No - 15,Pooja Items,$57.48,3118.29,15g
Rajwadi Bajot 15x15 No - 16,Pooja Items,$57.48,3118.29,16g
Rajwadi Bajot 15x15 No - 17,Pooja Items,$57.48,3118.29,17g
Rajwadi Bajot 15x15 No - 18,Pooja Items,$57.48,3118.29,18g
Rajwadi Bajot 8x8 No - 07,Pooja Items,$13.37,725.32,07g
Ram Darbar Statue Np 456,Pooja Items,$74.99,4068.21,456g
S/​Steel Pooja Lota #​9,Pooja Items,$5.39,292.41,9g
Shah Colour Plus Dhoop,Pooja Items,$4.32,234.36,100g
Shah Golden Dragon Dhoop,Pooja Items,$5.18,281.02,100g
Shah Gugal Eco Agarbatti,Pooja Items,$3.45,187.16,100g
Shah Silver Stone Sticks,Pooja Items,$5.18,281.02,100g
Shiv Parivaar Statue Np 230,Pooja Items,$59.99,3254.46,230g
Shivling With Brass Stand No-3,Pooja Items,$11.53,625.5,3g
Shivling With Brass Stand No-4,Pooja Items,$13.18,715.02,4g
Silver Patla 10x15 No - 30,Pooja Items,$28.75,1559.69,30g
Silver Patla 12x8 No - 27,Pooja Items,$14.26,773.6,27g
Tj Ghee Wick,Pooja Items,$6.91,374.87,60pcs
Zardosi Chunari Med 10x14 Am-62,Pooja Items,$5.73,310.85,62g
Vinod Royal Jug With Lid,Utensils,$12.29,666.73,2ltr
Wonder Chef Oil Pourer,Utensils,$21.95,1190.79,1000ml
Wonder Chef Oil Pourer - Transparent/​Green,Utensils,$15.73,853.35,550ml
WonderChef Austin Casseroll With Lid Grand 24cm - 2.​,Utensils,$48.40,2625.7,7ltr
Wonderchef Austin Mini Stainless Steel Serving Casserole with Lid 0.​85 Litres/​17cm Silver,Utensils,$29.32,1590.61,0g
Wonderchef Ultima Presure Cooker Outer Lid,Utensils,$65.98,3579.42,3Ltr
BBQ Grill 31*​20*​52cm,Utensils,$7.23,392.23,31g
Copper Hammered Bottle,Utensils,$29.63,1607.43,900ml
Futura Deep Fry Pan 3.​ Induction With Steel Lid,Utensils,$78.84,4277.07,75ltr
Hawkins - Stainless Steel,Utensils,$102.21,5544.89,4ltr
Hawkins Contur Pressure Cooker,Utensils,$57.10,3097.68,3Ltr
Hawkins Contura Pressure Cooker Tomato Red Color,Utensils,$81.63,4428.43,3Ltr
Hawkins Contura Pressure Cooker Tomato Red Color,Utensils,$126.48,6861.54,5Ltr
Hawkins Cooker - Classic 3.​,Utensils,$59.27,3215.4,5ltr
Hawkins Hevibase Pressure Cooker 3.​5 Litre,Utensils,$72.11,3911.97,3g
Hawkins New Subsidiary Body Handle With Screw For 3.​5 To 12 Litre,Utensils,$4.33,234.9,3g
Hawkins Stainless Steel Tall,Utensils,$91.98,4989.92,3ltr
Hawkins Stainless Steel Tea Pan Glass Lid,Utensils,$33.97,1842.87,1ltr
Maxfresh Hot Pot 1.​,Utensils,$19.15,1038.89,5 L
Maxfresh Hot Pot,Utensils,$42.17,2287.72,5 L
Karachi Two Magestic Biscuit,Biscuits,$7.77,421.52,400g
Maniarr's Khari - Methi,Biscuits,$2.75,149.19,180g
Mapro Falero Mango Candy,Biscuits,$3.86,209.4,100g
Mehar Desi Ghee Atta,Biscuits,$14.45,783.91,800g
Shaan E Punjab Biscuits - Atta,Biscuits,$7.02,380.84,800g
Shan E Punjab Gur Rusk,Biscuits,$6.05,328.21,600g
Shree Ganesh Cream Roll - Orange,Biscuits,$1.49,80.83,70g
Thulasi Candy - Orange,Biscuits,$3.45,187.16,200g
Veer Jee Cookies - Assorted,Biscuits,$10.98,595.67,600g
Veer Jee Cookies - Cashew,Biscuits,$10.98,595.67,600g
Veer Jee Cookies - Pista,Biscuits,$10.98,595.67,600g
Viya Cookies - Ajwain,Biscuits,$6.58,356.96,300g
Viya Cookies - Jeera,Biscuits,$6.58,356.96,300g
Atul Multigrain Cookies,Biscuits,$4.32,234.36,200g
Balaji Cream Wafers - Chocolate,Biscuits,$6.58,356.96,384g
Balaji Cream Wafers - Orange,Biscuits,$0.55,29.84,16g
Balaji Cream Wafers - Orange,Biscuits,$6.58,356.96,384g
Balaji Cream Wafers - Strawberry,Biscuits,$0.55,29.84,16g
Balaji Cream Wafers - Strawberry,Biscuits,$6.58,356.96,384g
Balaji Cream Wafers - Vanilla,Biscuits,$0.55,29.84,16g
Balaji Cream Wafers - Vanilla,Biscuits,$6.58,356.96,384g
Bansari Candy - Alpenliebe G,Biscuits,$2.99,162.21,200g
Bansari Candy - Candyman Eclairs,Biscuits,$2.99,162.21,200g
Bansari Candy - Choco Double,Biscuits,$2.99,162.21,200g
Bansari Candy - Falero Guava,Biscuits,$2.99,162.21,200g
Bansari Candy - Falero Kachhi Kairi,Biscuits,$2.99,162.21,200g
Boomer Bubble Gum,Biscuits,$16.95,919.54,230pcs
Britania Chunkies - Choco,Biscuits,$7.85,425.86,224g
Britania Chunkies - Double Choco,Biscuits,$7.85,425.86,224g
Britania Treat Jim Jam Pops,Biscuits,$1.61,87.34,70g
Britannia Gol Maal,Biscuits,$1.63,88.43,110g
Cake Rusk,Biscuits,$13.35,724.24,700g
Center Fresh Fruit Flavour,Biscuits,$13.16,713.93,200pcs
Cherab's Cake Rusk Almond,Biscuits,$14.20,770.35,900g
Chupa Chups Strawberry Flavour Lollipop,Biscuits,$1.08,58.59,12g
Crispeez Cookies - Fruity Delight,Biscuits,$4.99,270.71,350g
Crispeez Cookies - Nan Khatai,Biscuits,$4.99,270.71,350g
Crispeez Cookies - Nutty Magic,Biscuits,$4.99,270.71,350g
Daffy Chox Chocolate,Biscuits,$2.73,148.1,40g
Daffy Chox Strawberry,Biscuits,$2.73,148.1,40g
Daffy Chox White Cream,Biscuits,$2.73,148.1,40g
Dairy Milk Oreo Chocolate,Biscuits,$3.49,189.33,58g
Deep Cream Roll - Chocolate,Biscuits,$4.63,251.18,200g
Deep Cream Roll - Pineapple,Biscuits,$4.63,251.18,200g
Deep Khari - Jeera,Biscuits,$3.87,209.95,200g
Deep Khari - Masala,Biscuits,$3.87,209.95,200g
Frontier Cookies - Milk Badam,Biscuits,$14.41,781.74,400g
Shuddh Ice Cream - Tutti Frutti,Frozen,$10.65,577.76,1ltr
Udupi Onion Uttapam,Frozen,$6.58,356.96,4pcs
Vadilal Moth Beans,Frozen,$4.38,237.61,312g
BHAGWATI'S SANDWICH DHOKLA,Frozen,$3.83,207.78,255G
Deep Frozen Veg - Tindora,Frozen,$6.11,331.47,680g
Udupi Mysor Masala Dosa,Frozen,$4.71,255.52,4pcs
Haldiram's Manchurian Ball - Bulk Pack,Frozen,$18.33,994.4,80pcs
Vadilal Sabudana Tikki Farali,Frozen,$5.48,297.29,20pcs
Bhagwati's Methi Gota,Frozen,$4.97,269.62,340g
Haldirams Naan Tandoori 5pc,Frozen,$4.40,238.7,400gm
Karan's Cassava,Frozen,$3.66,198.56,1kg
Taj Naan - Garlc Coriander,Frozen,$13.20,716.1,16pcs
Deep Frozen Singoda,Frozen,$5.21,282.64,340g
Haldiram's Aloo Tikki Bulk,Frozen,$22.00,1193.5,22pcs
Katoomba Cocktail Vegetable Spring Roll 96 Pieces,Frozen,$21.94,1190.25,96g
Mc Cain Veggie Burger Patty,Frozen,$3.44,186.62,360g
Taj Kulcha - Paneer Chilli,Frozen,$15.67,850.1,16pcs
Daily Delight Restaurant Porotta,Frozen,$11.78,639.06,908g
Karan's Punjabi Samosa Hot X25,Frozen,$18.68,1013.39,75g
Sabrini Punjabi Samosa Hot & Spicy X,Frozen,$17.93,972.7,75g
Udupi Medu Vada,Frozen,$2.80,151.9,8pcs
Daily Delight Banana Steamed,Frozen,$7.07,383.55,454g
Deep Frozen Veg - Bhindi Cut,Frozen,$6.03,327.13,680g
Mc Cain Aloo Tikki 1.​,Frozen,$14.72,798.56,37pcs
Sabrini Asli Punjabi Samosa 1.​ x,Frozen,"was $17.54


$9.99",951.54,5kg
Sabrini Veggie Fingers,Frozen,$7.21,391.14,450g
Vadilal Ice Cream - Rajbhog Kulfi,Frozen,$15.99,867.46,1ltr
Daily Delight Banana Fry,Frozen,$7.15,387.89,454g
Deep Frozen Veg - Mango Slice,Frozen,$7.13,386.8,340g
Deep Paratha - Paneer,Frozen,$5.48,297.29,4pcs
Haldiram Medu Vada,Frozen,$17.28,937.44,24pcs
Home Roots Puran Poli Mini,Frozen,$4.49,243.58,6pcs
Nanak Paneer Cubes - Fried,Frozen,$32.26,1750.1,1kg
Ashoka Mini Samosa Potato Schezwan,Frozen,$6.54,354.8,20pcs
Deep Mango Pulp - Kesar,Frozen,$6.24,338.52,400g
Haldiram's Naan -Tandoori,Frozen,$6.58,356.96,5Pcs
Karan's Roti Paratha Light,Frozen,"was $13.18


$9.99",715.02,30pcs
Nanak Paneer Pakora,Frozen,$13.75,745.94,454g
Saurbhi Iqf - Karela,Frozen,$2.18,118.27,312g
Taj Paratha - Wholemeal,Frozen,"was $17.91


$13.99",971.62,30pcs
Vadilal Ice Cream - Classic Malai kulfi,Frozen,$15.99,867.46,1ltr
Deep Frozen Veg - Lotus Root,Frozen,$4.58,248.46,340g
Deep Kachori Moong Dal,Frozen,$11.53,625.5,708g
Haldiram Wrap - Msl Soya Chp 156,Frozen,$5.62,304.88,156g
Haldiram's Naan Tandoori & Garlic,Frozen,$6.58,356.96,5 Pcs
Saurbhi Iqf - Lila Lasan,Frozen,$3.09,167.63,312g
MT Malabar Mixture,Snacks & Chips,$12.37,671.07,908g
Haldiram's Dal Biji,Snacks & Chips,$2.71,147.02,200g
Kemchho Snack - Palak Chevda,Snacks & Chips,$4.18,226.76,270g
Kemchho Snack - Papad Bhel,Snacks & Chips,$4.18,226.76,270g
Kemchho Snack - Pudina Moong Masala,Snacks & Chips,$4.18,226.76,270g
Tb Snk- Butter Murku,Snacks & Chips,$3.93,213.2,150g
Aayu's Chakri - Methi,Snacks & Chips,$3.99,216.46,200g
Deep Masala Para,Snacks & Chips,$8.66,469.8,325g
Deep Snack - Ratlami Sev,Snacks & Chips,$5.51,298.92,340g
Malabar Treats Snack - Banana Chily Chips,Snacks & Chips,$9.49,514.83,454g
Modern Banana Chips - Peper,Snacks & Chips,$3.39,183.91,200g
Shyam Sunder Snack - Banana Waffer,Snacks & Chips,$4.98,270.17,300g
Aayu's Mora Sev Thick,Snacks & Chips,$9.99,541.96,900g
Balaji Snack - Msl Sev Murmura,Snacks & Chips,$3.48,188.79,250g
Garvi Gujarat Snack - Corn Chevda,Snacks & Chips,$3.93,213.2,285g
Garvi Gujarat Snack - Methi Muthia,Snacks & Chips,$3.88,210.49,285g
Jacme Kerala Banana Chips,Snacks & Chips,$4.85,263.11,300g
Aayu's Chakri - Tomato,Snacks & Chips,$3.99,216.46,200g
Amdavadi Papad Chavanu,Snacks & Chips,$2.49,135.08,200g
Athavale - Ragi Chakli Stick,Snacks & Chips,$3.76,203.98,200g
C B Banana Chips Salt & Pepper Best Before - 16/​04/​2024,Snacks & Chips,"was $4.18


$2.99",226.76,125g
Deep Masala Peanuts Black Pepper,Snacks & Chips,$4.18,226.76,227g
Maharana Premium Patra,Snacks & Chips,$4.53,245.75,200g
Modern Raitha Boondi,Snacks & Chips,$5.76,312.48,500g
N K Murukku (​Hot),Snacks & Chips,$3.74,202.9,175g
Shyam Sundar Snack - Farali Tikha,Snacks & Chips,$4.98,270.17,400g
Shyam/​S Snk - Mix Chawana,Snacks & Chips,$4.67,253.35,400g
Sukhadia Garbaddas Bapuji Snack - Usal Sev,Snacks & Chips,$2.89,156.78,200g
Telugu Snk - Chethi Chekkalu,Snacks & Chips,$4.72,256.06,170g
Aayu's Banana Chips - Long Masala,Snacks & Chips,$3.49,189.33,250g
Amdavadi Farali Chevdo Hot,Snacks & Chips,$2.49,135.08,200g
Balaji Snk - Bhelmix,Snacks & Chips,$3.07,166.55,250g
Balaji Snk - Khatta Mitha,Snacks & Chips,$5.23,283.73,400g
Haldiram's Dahi Papdi,Snacks & Chips,$11.13,603.8,1kg
Kemchho Snack - Manglori Mix,Snacks & Chips,$4.18,226.76,270g
Kemchho Snack - Onion Pakora,Snacks & Chips,$4.18,226.76,270g
Malabar Treats Madras Mixture,Snacks & Chips,$5.10,276.67,400g
Tb Snk- Garlic Mixture,Snacks & Chips,$3.93,213.2,170g
Athavale - Corn Sticks Best Before - 29/​02/​2024,Snacks & Chips,$4.12,223.51,200g
C B Banana Chips Spcy Masala Best Before - 16/​04/​2024,Snacks & Chips,"was $4.18


$2.99",226.76,125g
Chatzpatz Snack - Ratlami Sev,Snacks & Chips,$2.62,142.14,250g
Chatzpatz Snack - Ujjaini Sev,Snacks & Chips,$2.62,142.14,300g
Deep Masala Peanuts Spicy,Snacks & Chips,$4.18,226.76,227g
Deep Snack - Long Banana Chips,Snacks & Chips,$3.73,202.35,200g
G/​G Snk - Bhel Sev,Snacks & Chips,$3.93,213.2,285g
Haldiram's Gol Kachauri,Snacks & Chips,$4.87,264.2,350g
Haldiram's Murukku,Snacks & Chips,$3.41,184.99,200g
Kirtiraj Snack - Surati Special,Snacks & Chips,$4.62,250.64,400g
Mangal Degchi Mirch Masala,Spice Mixes / Masala,$2.57,139.42,100g
Mangal Katlu (​Batrisu),Spice Mixes / Masala,$3.66,198.56,100g
Marathi Swaad Kesar Dry fruit Milk Masala,Spice Mixes / Masala,$7.28,394.94,50g
Marathi Swaad Kulith Pith,Spice Mixes / Masala,$4.06,220.25,250g
Marathi Swaad Upwas Bhajani,Spice Mixes / Masala,$7.47,405.25,500g
Mth Msl -Idli/​Dosa Podi,Spice Mixes / Masala,$4.06,220.25,100g
Shan Fried Chops/​Steaks Mix,Spice Mixes / Masala,$2.03,110.13,50g
Suhana Paneer Masala,Spice Mixes / Masala,$2.24,121.52,100g
Telugu Garam Masala,Spice Mixes / Masala,$2.40,130.2,80g
888 Lemon Rice Mix,Spice Mixes / Masala,$4.35,235.99,165gm
Badshah Kesari Milk Masala,Spice Mixes / Masala,$4.73,256.6,50g
Badshah Khichadi Masala,Spice Mixes / Masala,$3.13,169.8,100g
Badshah Panjabi (​Gravy) Masala,Spice Mixes / Masala,$3.38,183.36,100g
Eastern Chicken Biryani Msl,Spice Mixes / Masala,$2.59,140.51,100g
Eastern Pav Bhaji Masala,Spice Mixes / Masala,$2.59,140.51,100g
Gajanand Coriander Powder,Spice Mixes / Masala,$3.00,162.75,400g
Gajanand Turmeric Powder,Spice Mixes / Masala,$3.22,174.68,400g
Kapol Chat Masala,Spice Mixes / Masala,$2.32,125.86,50g
L G Asafoetida (​Hing),Spice Mixes / Masala,$9.99,541.96,200g
Mahalaxmi Nong Palak Paneer Masala,Spice Mixes / Masala,$3.05,165.46,100g
Mahalaxmi Nong Paneer Tikka Masala,Spice Mixes / Masala,$3.26,176.86,100g
Mahalaxmi Nong Puneri Usal Misal Masala,Spice Mixes / Masala,$3.36,182.28,100g
Marathi Swaad Ginger Powder Masala Best Before - 12/​04/​2024,Spice Mixes / Masala,"was $5.13


$3.89",278.3,100g
Marathi Swaad Potato Papad Red 200,Spice Mixes / Masala,$3.72,201.81,200g
Marathi Swad Masala - Karela Chutney Best Before - 17/​04/​2024,Spice Mixes / Masala,"was $5.23


$3.99",283.73,100g
Mdh Fish Curry Masala,Spice Mixes / Masala,$2.39,129.66,100gm
Shan Egg Seasoning,Spice Mixes / Masala,$2.03,110.13,50g
Shan Paya Curry,Spice Mixes / Masala,$2.03,110.13,50g
Telugu Madras Rasam Powder,Spice Mixes / Masala,$2.40,130.2,100g
777 Madras Chicken 65 Masala,Spice Mixes / Masala,$3.00,162.75,165g
888 Muniynd Mutton Masala,Spice Mixes / Masala,$4.35,235.99,165g
Badshah Kasuri Methi Best Before - 07/​02/​2024,Spice Mixes / Masala,$10.12,549.01,500g
BMC Momo Masala,Spice Mixes / Masala,$2.84,154.07,100g
Brahmins Kadala Curry Msl,Spice Mixes / Masala,$2.40,130.2,100g
Eastern Bombay Biryanimasala,Spice Mixes / Masala,$2.38,129.11,60g
Everest Balck Pepper Btl,Spice Mixes / Masala,$5.04,273.42,50g
Gajanand Coriander Powder,Spice Mixes / Masala,$7.98,432.92,908g
Kapol Jal Jira Masala,Spice Mixes / Masala,$1.64,88.97,50g
Mahalaxmi Nong Black Pindi Chhole Masala,Spice Mixes / Masala,$2.97,161.12,100g
Mangal Dhansak Masala,Spice Mixes / Masala,$1.87,101.45,100g
Shan Chicken Broast,Spice Mixes / Masala,$2.03,110.13,125g
Shan Meat & Vegetable,Spice Mixes / Masala,$2.03,110.13,100g
Shan Rogan Josh Curry,Spice Mixes / Masala,$2.03,110.13,50g
Thulasi Aachi Kulambu Chilli Masala,Spice Mixes / Masala,$4.35,235.99,165g
Tit Bit NONG Chinese Bhel Masala,Spice Mixes / Masala,$1.87,101.45,50g
Tit Bit Stir Fry Veg Masala Mix,Spice Mixes / Masala,$1.87,101.45,50g
Viya Cardamom Pod Green,Spice Mixes / Masala,$39.75,2156.44,500g
888 Spc Egg Curry Masala,Spice Mixes / Masala,$4.35,235.99,165g
Indya Byadgi Chilli,Spices,$3.45,187.16,100g
Indya Byadgi Chilli Powder,Spices,$7.47,405.25,200g
Indya Himalayan Pink Salt Crs,Spices,$4.51,244.67,1kg
Indya Kashmir Chilli Whole,Spices,$32.44,1759.87,1kg
Mother's Pride Fenugreek Seeds,Spices,$7.75,420.44,1kg
Svk Sambar Powder,Spices,$5.16,279.93,100g
Indya Byadgi Chilli,Spices,$6.56,355.88,200g
Mothe's Pride Flax Seed Powder,Spices,$1.29,69.98,200g
Saurbhi Chilli Whole Extra Hot Stemless,Spices,$2.80,151.9,100g
Saurbhi Javantri Powder,Spices,$5.94,322.24,50g
Uttam Tandoori Colour,Spices,$4.51,244.67,100g
Freshco Sesame Seeds,Spices,$12.19,661.31,1kg
Mother's Pride Chilli Powder - kashmiri,Spices,$24.99,1355.71,1kg
Mother's Pride Gond Katira,Spices,$3.05,165.46,200g
Pattu Chilli Powder Hot,Spices,$15.21,825.14,1kg
Ramdev Dabeli Masala,Spices,$7.85,425.86,500g
Saurbhi Charoli,Spices,$7.34,398.2,100g
Saurbhi Fenugreek Powder,Spices,$2.70,146.48,200g
Saurbhi Harde Whole Big,Spices,$2.78,150.82,100g
Saurbhi Mix Spices,Spices,$5.78,313.56,100g
Indya Cinnamon Powder,Spices,$3.03,164.38,100g
Maharaja/​C Aniseed Whole,Spices,$1.72,93.31,25g
Mother's Pride Chilli Powder - Extra Hot,Spices,$15.01,814.29,1kg
Saurbhi Black Mustard Powder,Spices,$2.47,134.0,200g
Saurbhi Fennel Seeds Raw,Spices,$14.29,775.23,1kg
Saurbhi Saji Na Phool,Spices,$1.56,84.63,200g
Telugu Sambar Podi,Spices,$2.63,142.68,100g
Vasant Jain Kitchen King Masala,Spices,$3.11,168.72,100g
Viya Clove Whole,Spices,$21.19,1149.56,500g
Viya Harad Whole Dry,Spices,$3.64,197.47,100g
Viya Nutmeg Powder,Spices,$4.60,249.55,50g
Viya Shatavari,Spices,$7.27,394.4,150g
Clove - M & J,Spices,$10.35,561.49,250g
Gajanand Kasuri Methi,Spices,$11.35,615.74,500g
Indya Cardemom Green,Spices,$8.54,463.29,100g
Maharaja/​C Chilli Whole,Spices,$2.70,146.48,25g
Maharaja/​C Mixed Herbs,Spices,$2.17,117.72,15g
Mother's Pride Chilli Whole Kashmiri Without Stick,Spices,$21.21,1150.64,500g
Mother's Pride Cloves Whole,Spices,$8.89,482.28,200g
Saurbhi Garlic Powder,Spices,$1.52,82.46,100g
Saurbhi Kabab Chini (​Cubeb),Spices,$11.44,620.62,100g
Thulasi Turkey Berry,Spices,$2.21,119.89,100gm
Uttam Saffron Colour,Spices,$4.51,244.67,100g
Viya Aritha,Spices,$5.55,301.09,200g
Bansari Kasuri Methi,Spices,$11.93,647.2,500g
Indya Black Sesame Seeds,Spices,$6.40,347.2,500g
Saurbhi Dal - Red Kidney Bean Light,Lentils,$27.91,1514.12,5kg
Viya Dal - Toorl Dal Oily,Lentils,$5.62,304.88,1kg
Viya Dal - Yellow Split Peas,Lentils,$2.40,130.2,1kg
Happy Leaf Organic Dal - Mix,Lentils,$7.12,386.26,1kg
Indya Dal - Udad Gota,Lentils,$21.98,1192.42,5kg
Jk Dal - Chick Peas 9mm,Lentils,$12.55,680.84,4kg
Jk Dal - Punjabi Dal,Lentils,$4.41,239.24,1kg
Jk Dal - Sorgum Seed Red,Lentils,$4.04,219.17,1kg
Mother's Pride Dal - Mung Bean Celera,Lentils,$24.61,1335.09,5kg
Mother's Pride Dal - Udad Split White,Lentils,$9.37,508.32,2kg
Mother's Pride Dal - White Peas,Lentils,$3.57,193.67,1kg
Pattu Dal - Blue Peas Whole,Lentils,$6.70,363.48,2kg
Pattu Dal - Mix Urid Chana Dal,Lentils,$4.02,218.08,1kg
Pramukh Bajri Whole,Lentils,$78.75,4272.19,20kg
Saurbhi Dal - Mung Bean,Lentils,$7.14,387.34,2kg
Hari Om Black Peas,Lentils,$5.25,284.81,100g
Jk Dal - Sorghum Seed White,Lentils,$3.29,178.48,1kg
Mother's Pride Dal - Udad Split Black,Lentils,$20.01,1085.54,5kg
Parsram Dal - Mung Dal,Lentils,$21.00,1139.25,5kg
Pattu Dal - Mung Masoor Mix,Lentils,$8.27,448.65,2kg
Punit Dal - Red Chori,Lentils,$8.38,454.62,2kg
Viya Dal - Black Urad Split,Lentils,$4.79,259.86,1kg
Viya Dal - Chickpeas 9mm,Lentils,$20.62,1118.64,5kg
Himalaya Complete Care Tooth Paste,Cosmetic,$5.94,322.24,150g
Jolen Bleach Creme Turmeric & Aloe Vera,Cosmetic,$15.22,825.68,247g
Keo Karpin Hair Oil,Cosmetic,$4.32,234.36,200ml
Lakme Eyeliner Black 4.​,Cosmetic,$9.80,531.65,5ml
Medimix Anti Pimple Face Wash,Cosmetic,$6.50,352.62,140ml
Medimix Regular,Cosmetic,$2.73,148.1,125g
Meera Shikakai & Badam Shampoo,Cosmetic,$17.28,937.44,650ml
Patanjali Expert Hair Oil,Cosmetic,$6.20,336.35,30ml
Patanjali Kesh Kanti Milk Protein Hair Cleanser,Cosmetic,$5.49,297.83,200ml
Ponds Dreamflower Talc Powder,Cosmetic,$6.05,328.21,100g
Real Man Body Spray - Fresh Spirit,Cosmetic,"was $7.99


$2.99",433.46,150ml
Rexona Soap,Cosmetic,$2.16,117.18,100g
Royal Gold Multani Powder,Cosmetic,$2.20,119.35,200g
Sunsilk Black Shine Shampoo,Cosmetic,$10.84,588.07,360ml
Supreme Henna - Burgundy,Cosmetic,$2.51,136.17,150g
Supreme Henna - Light Brown Color,Cosmetic,$2.51,136.17,150g
Uttam Ashwagandha Powder,Cosmetic,$4.38,237.61,100g
Vip Hair Colour Shampoo Dark Brown,Cosmetic,$20.74,1125.14,180ml
Volini Pain Relief Spray,Cosmetic,$11.09,601.63,100g
Zandu Ultra Power Balm Red,Cosmetic,$3.46,187.7,8ml
Ashwin Maha Narayan Oil,Cosmetic,$7.22,391.68,100ml
Boro Plus Gel Aloe Vera,Cosmetic,$5.50,298.38,150ml
Colgate Max Fresh Blue,Cosmetic,$4.32,234.36,150g
Colgate Strong Teeth,Cosmetic,$3.99,216.46,150g
Dabur Oxy Bleach Cream,Cosmetic,"was $5.48


$3.99",297.29,27g
Dabur Red Toothpaste,Cosmetic,$5.10,276.67,200g
Dabur Shilajit Gold 20 Cap,Cosmetic,$19.87,1077.95,20g
Deewal Black Seed Hair Oil,Cosmetic,$15.32,831.11,100ml
Dettol Original Soap,Cosmetic,$2.73,148.1,125g
Dettol Original Soap X 3pk,Cosmetic,$7.09,384.63,125g
Fair & Lovely Advance Mlt Vtm,Cosmetic,$6.49,352.08,80g
Garnier Hair Color Brown Black,Cosmetic,$2.18,118.27,20g
Garnier Hair Color Burgundy,Cosmetic,$2.18,118.27,20g
Godrej Jasmine Soap,Cosmetic,$2.33,126.4,115g
Godrej Rose Beauty Soap,Cosmetic,$2.23,120.98,115g
Himalaya Shampoo Anti-hair Fall,Cosmetic,$10.19,552.81,340ml
Himalaya Shampoo Gentle Daily Care,Cosmetic,$10.19,552.81,340ml
Kesh King Anti - Hairfall Shampoo,Cosmetic,$15.55,843.59,600ml
Kesh King Damage Repair Shampoo,Cosmetic,$6.91,374.87,200ml
Lifeboy Care - Red X 7pk,Cosmetic,$9.99,541.96,125g
Lotus Face Wash 3 In 1 Deep Cleansing Skin Whitening,Cosmetic,$10.98,595.67,100g
Lux Rose Soap X 3pk,Cosmetic,$7.45,404.16,150g
Medimix Aryuvedic 3 X,Cosmetic,$7.15,387.89,125g
Medimix Glycerine Soap X 4pk,Cosmetic,$8.95,485.54,125g
Moov Cream,Cosmetic,$7.80,423.15,50g
Neha Mehandi Cone 12 Pk,Cosmetic,$1.99,107.96,12g
Prestige Popular Aluminium Cooker,Utensils,$50.60,2745.05,2ltr
Rect 5 Compartment Tray,Utensils,$6.93,375.95,5g
Safari Soup Spoon,Utensils,$5.06,274.5,4pcs
Tier Insulated Tiffin 2.​,Utensils,$14.34,777.94,1L
Vinod Concave Tawa 250 Mm,Utensils,$37.11,2013.22,250g
Wonder Chef Ebony Fry Pan 24cm-1.​75 litre,Utensils,$53.24,2888.27,1g
Wonder Chef Oil Pourer - Transparent/​Red,Utensils,$16.78,910.32,550ml
Wonder Chef Royal Velvet Wok With Lid 2.​ - 24cm,Utensils,$47.65,2585.01,7ltr
Wonderchef ActiBot Stainless Steel Water Bottle (​Cooper Finish),Utensils,$17.58,953.71,900 ml
Wonderchef Ebony Hard Anodised Aluminium Wok with Lid 4.​5 Litres/​28cm - Black/​Brown,Utensils,$73.85,4006.36,4g
Wonderchef Ebony Hard Anodized Handi 21cm3.​,Utensils,$92.71,5029.52,5Ltr
Wonderchef Taurus Hard Anodized Pressure Cooker Inner Lid,Utensils,$98.98,5369.66,3ltr
Wonderchef Twister Push Chopper - 5 Blade,Utensils,$26.93,1460.95,5g
Wonderchef Ultima Pressure Cooker Inner Lid,Utensils,$95.38,5174.36,5 Ltr
Wonderchef Ultima Pressure Cooker Inner Lid 6.​,Utensils,$87.98,4772.92,5Ltr
29 Cm Sober Spoon,Utensils,$2.79,151.36,29g
Knife Set,Utensils,$5.06,274.5,3 Pcs
35 Cm Steel BBQ Skewers 12 Pc Se,Utensils,$5.60,303.8,35g
Aluminium Kadai 26 Cm,Utensils,$27.83,1509.78,26g
Haldiram's Khari - Methi,Biscuits,$5.64,305.97,400g
Karachi Frt/​Cashew/​Pista,Biscuits,$9.94,539.24,600g
Karachi Fruit & Cashew & Chai,Biscuits,$11.36,616.28,600g
Maniarr's Khari - Masala,Biscuits,$2.75,149.19,180g
Mapro Falero Strawberry Candy,Biscuits,$3.86,209.4,100g
Mehar Royal Khatai - Eggless,Biscuits,$9.60,520.8,450g
Parle G,Biscuits,$3.49,189.33,800g
Parle Nutricrunch Honey & Oats,Biscuits,$7.49,406.33,600g
Shaan E Punjab Biscuits - Saunf Gur,Biscuits,$7.02,380.84,800g
Shan E Punjab Wheat Rusk,Biscuits,$6.05,328.21,600g
Shree Ganesh Cream Roll - Chocolate,Biscuits,$1.49,80.83,70g
Thulasi Candy - Paan Masala,Biscuits,$3.45,187.16,200g
Thulasi Candy,Biscuits,$3.45,187.16,200g
Veer Jee Cookies - Bourbonn,Biscuits,$10.98,595.67,600g
Veer Jee Cookies - Butter,Biscuits,$10.98,595.67,600g
Veer Jee Cookies - Elaichi,Biscuits,$10.98,595.67,600g
Veer Jee Cookies - Orange,Biscuits,$10.98,595.67,600g
Veer Jee Cookies - Vanilla,Biscuits,$10.98,595.67,600g
Saurbhi Iqf - Peeled Garlic Clove,Frozen,$2.98,161.66,312g
Vadilal Jack Fruit Seeds,Frozen,$4.59,249.01,312g
Bhagwati's Patra,Frozen,$4.91,266.37,255g
Deep Vegetable Cutlets,Frozen,$4.79,259.86,4pcs
Vadilal Patra Vata Unfried,Frozen,$8.73,473.6,1kg
Deep Chutney - Madras Tomato,Frozen,$3.83,207.78,283g
Deep Kachori Lilva,Frozen,$14.46,784.46,708g
Haldiram's Mutter Kachori 26pc 1.​,Frozen,$18.68,1013.39,04kg
Sabrini Veggie Burger,Frozen,$7.21,391.14,480g
Saurbhi Garlic Naan,Frozen,$3.09,167.63,5pcs
Bhagwati's Dudhi Thepla,Frozen,$4.23,229.48,8 Pcs
Bikaji Punjabi Samosa 1.​875k,Frozen,$16.48,894.04,25p
Deep Frozen Veg - Ratalu,Frozen,$3.28,177.94,340g
Haldiram Wrap - Shami Kebab,Frozen,$5.62,304.88,156g
Haldiram's Batata Vada,Frozen,$4.71,255.52,6pcs
Saurbhi Iqf - Kantola,Frozen,$4.03,218.63,312g
Taj Kulcha - Plain,Frozen,$14.02,760.58,16pcs
Vadilal Amla Slices,Frozen,$3.28,177.94,312g
Vadilal Curry Leaves,Frozen,$2.18,118.27,100g
Vadilal Fansi,Frozen,$3.28,177.94,312g
Vadilal Puff - Paneer Chili,Frozen,$3.28,177.94,125g
Deep Frozen Veg Dudhi Diced,Frozen,$3.28,177.94,340g
Shuddh Ice Cream - Mango,Frozen,$10.65,577.76,1ltr
Shuddh Ice Cream - Pistachio,Frozen,$10.65,577.76,1ltr
Vadilal Jamun,Frozen,$4.91,266.37,312g
Vadilal Pizza - Paneer Tikka,Frozen,$6.58,356.96,250g
MC Cain Veg Burger Patty 1.​,Frozen,$11.78,639.06,2kg
Nanak Paneer Cubes - Fried,Frozen,$16.13,875.05,400g
Udupi Idli,Frozen,$2.66,144.3,255g
Vadilal Malai Paneer Cubes,Frozen,$13.18,715.02,454g
Vadilal Puff - Tandr Paneer,Frozen,$3.28,177.94,125g
Daily Delight Malabar Porotta,Frozen,$19.64,1065.47,2kg
Haldiram Paneer Aloo Tikki,Frozen,$13.20,716.1,580g
Mc Cain Masala Fries 1.​,Frozen,$14.72,798.56,5kg
Mc Cain Veggie Fingers,Frozen,$4.58,248.46,400g
Nanak Aloo Tikki,Frozen,$14.66,795.3,720g
Taj Paratha - Original,Frozen,"was $17.91


$13.99",971.62,30pcs
Vadilal Ice Cream - Anjeer,Frozen,$8.49,460.58,500ml
Vadilal Ice Cream - Tuti Fruti,Frozen,$8.49,460.58,500ml
Deep Bhatura,Frozen,$3.83,207.78,5pcs
Deep Iqf Green Garlic,Frozen,$3.66,198.56,340g
Deep Naan - Garlic,Frozen,$13.18,715.02,12pcs
Deep Ponk,Frozen,$9.16,496.93,170gm
MT Kerala Mixture Hot,Snacks & Chips,$5.36,290.78,400g
Raj Amrut Poha Chivda,Snacks & Chips,$2.47,134.0,200g
Shyam Sundar Snack - Fulvadi,Snacks & Chips,$4.98,270.17,400g
Shyam Sundar Snack - Soya Stick,Snacks & Chips,$3.66,198.56,250g
Aayu's Chakri - Plain,Snacks & Chips,$3.99,216.46,200g
Amdavadi Nadiyadi Mix,Snacks & Chips,$2.49,135.08,200g
C B Banana Chips Salty Best Before - 14/​03/​2024,Snacks & Chips,$4.18,226.76,125g
Chatzpatz Snack - Loung Sev,Snacks & Chips,$2.62,142.14,300g
Chitale Bandhu Namkeen Mixture,Snacks & Chips,$3.71,201.27,200g
Deep Masala Peanuts Peri Peri,Snacks & Chips,$4.18,226.76,227g
Garvi Gujarat Snack - Tam Tam,Snacks & Chips,$3.93,213.2,285g
Haldiram Onion Kachori,Snacks & Chips,$8.25,447.56,6pcs
Haldiram's All In One,Snacks & Chips,$12.25,664.56,1kg
Jacme Kerala Hot Mixture,Snacks & Chips,$4.77,258.77,400g
Kirtiraj Snack - Namak Para,Snacks & Chips,$2.61,141.59,200g
Mt Malabar Mixture,Snacks & Chips,$5.36,290.78,400g
Thalaivaa Snack - Peper Thatai,Snacks & Chips,$4.18,226.76,170g
Balaji Wafers - Cream & Onion,Snacks & Chips,$3.41,184.99,135g
Deep Masala Papadi Best Before - 10/​05/​2024,Snacks & Chips,"was $5.23


$3.99",283.73,250g
Haldiram's Boondi,Snacks & Chips,$14.26,773.6,1kg
Haldiram's Chat Papdi,Snacks & Chips,$3.66,198.56,260g
Haldiram's Moong Dal Masala,Snacks & Chips,$3.41,184.99,200g
Haldiram's Ratlami Sev,Snacks & Chips,$6.57,356.42,400g
Jacme Kerala Mixture,Snacks & Chips,$4.64,251.72,400g
A1 Banana Wafers Best Before - 14/​03/​2024,Snacks & Chips,$5.23,283.73,200g
A1 Potato Chips Hot Chilli,Snacks & Chips,$4.45,241.41,200g
Amdavadi Nylon Ratlami Sev,Snacks & Chips,$2.49,135.08,200g
Balaji Wafers - Simply Salted,Snacks & Chips,$3.41,184.99,150g
Chatzpatz Snack - Aloo Bhujiya,Snacks & Chips,$2.62,142.14,250g
Deep Flaxseed Para Best Before - 13/​03/​2024,Snacks & Chips,$8.38,454.62,325g
Haldiram's Lite Chiwda,Snacks & Chips,$2.89,156.78,200g
Radhe Snack - Papdi,Snacks & Chips,$8.25,447.56,250g
Shyam Sundar Snack - Rajasthani Mx,Snacks & Chips,$4.98,270.17,400g
Shyam Sunder Sanck - Chili Potato Chips 200,Snacks & Chips,$4.98,270.17,200g
Sukhadia Garbaddas Bapuji Snack - Banana Chips Hot,Snacks & Chips,$3.46,187.7,200g
Sukhadia Garbaddas Bapuji Snack - Nadiadi Mix Chavanu,Snacks & Chips,$4.87,264.2,400g
Sweet - Gulab Jamun 1.​,Snacks & Chips,$28.97,1571.62,362kg
Aaha Snack - Andhra Mixture,Snacks & Chips,$4.18,226.76,170g
Chatzpatz Snack - Garlic Mix,Snacks & Chips,$2.62,142.14,300g
Chatzpatz Snack - Tasty Peanut,Snacks & Chips,$2.62,142.14,350g
Das Snack - Tikha Gathiya,Snacks & Chips,$4.46,241.96,250g
Deep Masala Peanuts Punjabi Tadka,Snacks & Chips,$4.18,226.76,227g
Deep Snack - Gujarati Lasaniya Sev Mamra,Snacks & Chips,$5.51,298.92,340g
Deep Snk - Bhel puri,Snacks & Chips,$5.51,298.92,340g
G/​G Snk - Bhavnagari Gthy,Snacks & Chips,$3.93,213.2,285g
G/​G Snk - Guj Chakri,Snacks & Chips,$3.93,213.2,285g
Haldiram's Mathri,Snacks & Chips,$2.71,147.02,200g
Kalyan Bhel Tin,Snacks & Chips,$4.62,250.64,200g
Badshah Rasam Powder,Spice Mixes / Masala,$3.13,169.8,100g
Bedekar Ready Pickle Mix,Spice Mixes / Masala,$3.83,207.78,100g
Eastern Brahmin Sam Masala,Spice Mixes / Masala,$4.06,220.25,165g
Everest Mixed Herbs,Spice Mixes / Masala,$2.80,151.9,12g
Gajanand Coriander & Cumin Powder,Spice Mixes / Masala,$9.45,512.66,1kg
Gajanand Ginger Powder,Spice Mixes / Masala,$4.79,259.86,200g
Grandma's Asafoetida Cake,Spice Mixes / Masala,$4.72,256.06,100g
Kapol Bhel Puri Masala,Spice Mixes / Masala,$2.69,145.93,75g
Mahalaxmi Nong Punjabi Dhabe Di Daal Masala,Spice Mixes / Masala,$3.58,194.22,100g
Mahalaxmi Noodles Masala,Spice Mixes / Masala,$3.26,176.86,100g
Marathi Swaad Masala - Aachar Best Before - 12/​04/​2024,Spice Mixes / Masala,"was $5.13


$3.89",278.3,100g
Ramdev Garam Masala,Spice Mixes / Masala,$7.35,398.74,400g
Telugu Chat Masala,Spice Mixes / Masala,$2.40,130.2,80g
Telugu Fish Masala,Spice Mixes / Masala,$2.40,130.2,100g
777 Chettinad Mutton Masala,Spice Mixes / Masala,$3.00,162.75,165g
777 Dhall Powder,Spice Mixes / Masala,$3.37,182.82,165g
777 Madras Rasam Powder,Spice Mixes / Masala,$3.37,182.82,165g
777 Village Meat Masala,Spice Mixes / Masala,$3.00,162.75,165g
Badshah Goda Masala,Spice Mixes / Masala,$3.13,169.8,100g
Eastern Chana Masala,Spice Mixes / Masala,$2.71,147.02,100g
Everest Garam Masala,Spice Mixes / Masala,$13.30,721.53,500g
Everest Pav Bhaji Masala,Spice Mixes / Masala,$12.25,664.56,500g
Gajanand Black Pepper Whole,Spice Mixes / Masala,$3.84,208.32,100g
Gajanand Kashmiri Chili Powder,Spice Mixes / Masala,$13.79,748.11,500g
Gajanand Reshampatti & Kashmiri Chilli Powder,Spice Mixes / Masala,$12.00,651.0,500g
Hari Om Agri Masala,Spice Mixes / Masala,$3.49,189.33,100g
Hari Om Fish Fry Masala,Spice Mixes / Masala,$3.49,189.33,100g
Mahalaxmi Fried Rice Masala,Spice Mixes / Masala,$3.58,194.22,100g
Mahalaxmi Nong Chhas Masala,Spice Mixes / Masala,$2.61,141.59,100g
Mahalaxmi Nong Gujarati Undhiyu,Spice Mixes / Masala,$2.97,161.12,100g
Mahalaxmi Nong Khichdi Masala,Spice Mixes / Masala,$3.50,189.88,100g
Mahalaxmi Nong Paneer Chilli Masala,Spice Mixes / Masala,$3.11,168.72,100g
Maharana Frankie Masala,Spice Mixes / Masala,"was $5.76


$4.49",312.48,90g
Mangal Sandwich Chutny Mix,Spice Mixes / Masala,$1.87,101.45,100g
Marathi Swaad Dhirde Pith,Spice Mixes / Masala,$4.06,220.25,500g
Mdh Chana Masala,Spice Mixes / Masala,$11.91,646.12,500gm
MTH Masala Solkadhi,Spice Mixes / Masala,$5.25,284.81,250g
Shan Allo Bhaji Mix,Spice Mixes / Masala,$2.03,110.13,50g
Shan Fish Biryani Mix Best Before - 05/​01/​2024,Spice Mixes / Masala,$2.03,110.13,50g
Shan Kofta Curry,Spice Mixes / Masala,$2.03,110.13,50g
Shan Lahori Charga,Spice Mixes / Masala,$2.03,110.13,50g
Shan White Karahi Mix,Spice Mixes / Masala,$2.03,110.13,40g
Suhana Chai Masala,Spice Mixes / Masala,$2.24,121.52,50g
777 Garlic Dhall Powder,Spice Mixes / Masala,$3.37,182.82,165g
888 Chicken 65 Masala,Spice Mixes / Masala,$4.35,235.99,165g
888 Garam Masala,Spice Mixes / Masala,$4.35,235.99,165g
Badshah Dabeli Masala,Spice Mixes / Masala,$3.13,169.8,100g
Bedekar Kesari Milk Masala,Spice Mixes / Masala,$10.50,569.62,100g
Indya Dry Lemon Yellow,Spices,$4.18,226.76,200g
Indya Kalonji,Spices,$2.05,111.21,100g
Khushboo Nutmeg Whole,Spices,$3.51,190.42,50g
Maharaja/​C Chilli Whole Hot,Spices,$2.70,146.48,15g
Maharaja/​C Cloves Ground,Spices,$2.63,142.68,25g
Maharaja/​C Garlic Flakes,Spices,$2.25,122.06,50g
Mother's Pride Aji No Moto,Spices,$1.99,107.96,200g
Mother's Pride Kokam Wet,Spices,$6.50,352.62,100g
Pattu Black Pepper Pwd,Spices,$2.95,160.04,100g
Satvam Garam Masala,Spices,$3.28,177.94,100g
Saurbhi Mulethi Powder,Spices,$3.43,186.08,200g
Uttam Karela Powder,Spices,$4.33,234.9,200g
Viya Ratan Jot,Spices,$5.17,280.47,100g
Indya Cardemom Green,Spices,$14.78,801.82,200g
Jan Rose Petal Whole,Spices,$5.31,288.07,50g
M & J Ginger Ground,Spices,$6.08,329.84,500g
Mahalaxmi Garlic Chutney,Spices,$1.95,105.79,100g
Maharaja Choice Onion Flakes,Spices,$2.63,142.68,50g
Maharaja/​C Garlic Granule,Spices,$2.70,146.48,100g
Maharaja/​C Onion Powder,Spices,$2.86,155.16,70g
Pattu Coriender Powder,Spices,$2.28,123.69,100g
Spark Ganthoda Powder,Spices,$4.10,222.42,100g
Spark Jowar Dhani,Spices,$2.87,155.7,200g
Thulasi Sun Berry,Spices,$2.21,119.89,100gm
Vasant Pav Bhaji,Spices,$3.11,168.72,100g
Viya Amchoor Masala,Spices,$12.98,704.17,500g
Viya Frankie Masala,Spices,$2.46,133.45,50g
Bansari Chilli Powder Kashmiri,Spices,$112.79,6118.86,4kg
Bansari Coriander Powder,Spices,$34.99,1898.21,4kg
Bansari Cumin Powder 4.​,Spices,$163.44,8866.62,54kg
Bansari Cumin Seeds 3.​,Spices,$126.97,6888.12,9kg
Bansari Garlic Dry Whole,Spices,$4.38,237.61,750g
Bansari Turmeric Powder 4.​,Spices,$51.74,2806.9,54kg
Bansari White Pepper Powder,Spices,$46.98,2548.66,908g
BR Chilly Powder,Spices,$11.48,622.79,430g
Indya Amla Dry,Spices,$3.94,213.74,200g
Indya Byadgi Chilli Powder,Spices,$18.48,1002.54,500g
Kerala Taste Tamarind,Spices,$10.26,556.6,1kg
Maharaja/​C Cardamom Ground,Spices,$8.08,438.34,100g
Maharaja/​C Mixed Spices,Spices,$1.57,85.17,100g
Moth/​Pride Chia Seeds,Spices,$1.66,90.06,100g
Moth/​Pride Kabab Chini,Spices,$7.24,392.77,100g
Pattu Garam Masala,Spices,$2.79,151.36,100g
Saurbhi Apple Green,Spices,$2.58,139.96,100g
Saurbhi Chilli Crushed,Spices,$4.60,249.55,200g
Sumac - M & J,Spices,$2.67,144.85,100g
Thulasi Cluster Beans,Spices,$2.21,119.89,100gm
Thulasi Sun Dried Bitter Gourd,Spices,$2.21,119.89,100g
"Palmolive Naturals Liquid Hand Wash Soap, , Aloe Vera & Chamomile Pump, No Parabens Phthalates Or Alcohol",Cosmetic,$3.44,186.62,250ml
Parachute Ayurvedic Oil,Cosmetic,$6.91,374.87,300ml
Patanjali Aloe Vera Gel,Cosmetic,$5.55,301.09,60g
Patanjali Ashvashila 20 Capsules,Cosmetic,$6.83,370.53,20g
Patanjali Dant Kanti Red Gel,Cosmetic,$2.59,140.51,150g
Patanjali Soap - Mogra,Cosmetic,$2.62,142.14,75g
Real Man Body Spray - Fresh Morning,Cosmetic,"was $7.99


$2.99",433.46,150ml
Somva 34,Cosmetic,$3.93,213.2,25g
Supreme Henna - Black,Cosmetic,$3.14,170.34,150g
Vatika Shimmer Wax,Cosmetic,"was $3.28


$1.49",177.94,65g
Vip Hair Colur,Cosmetic,$4.32,234.36,40ml
Vlcc Diamond Bleach,Cosmetic,$2.14,116.1,30g
Zandu Balm,Cosmetic,$2.34,126.94,8ml
Ayur Herb Amla & Shik Shmp,Cosmetic,$13.35,724.24,1000ml
Boro Plus Gel Haldi & Chandan,Cosmetic,$5.50,298.38,150ml
Clinic Plus Strong & Long,Cosmetic,$10.02,543.58,350ml
Close Up Fire-Freeze Black,Cosmetic,$4.32,234.36,150g
Colgate Max Fresh Charcoal,Cosmetic,$5.87,318.45,130g
Dabur Amla Gold Hair Oil,Cosmetic,$5.78,313.56,200ml
Dabur Ashokarishta,Cosmetic,$5.18,281.02,450ml
Dabur Kids Hair Oil,Cosmetic,$7.32,397.11,200ml
Dabur Sarsoo Amla,Cosmetic,$3.89,211.03,175ml
Dabur Sat Isabgol,Cosmetic,$7.77,421.52,90g
Dettol Cool Soap 5 Pk X,Cosmetic,$13.82,749.74,125g
Divy Peedanil Taila,Cosmetic,$5.10,276.67,100ml
Divya Arjuna Kwath,Cosmetic,$5.10,276.67,100g
Divya Arshkalp Vati 40tab Best Before - 30/​04/​204,Cosmetic,$4.32,234.36,30g
Divya Lavangadi Vati 80 Tab Best Before - 30/​06/​2024,Cosmetic,$5.10,276.67,80g
Emami 7 In 1 Hair Oil,Cosmetic,$8.20,444.85,300ml
Fiama Gel Bar X 5 Pack,Cosmetic,$14.99,813.21,125g
Gandhi Rose Water,Cosmetic,$1.72,93.31,100ml
Garnier Men Face Wash Acno Fight Anti Pimple,Cosmetic,$9.74,528.4,100g
Garnier Men Face Wash Anti Pollution Double Action,Cosmetic,$10.93,592.95,100g
Garnier Men Face Wash Oil Clear Deep Cleansing Icy,Cosmetic,$9.19,498.56,100g
Godrej Cinthol Cool X 3pk,Cosmetic,$6.14,333.1,100g
Godrej Kali Mehendi,Cosmetic,$5.24,284.27,24g
Godrej Lavender Soap,Cosmetic,$2.33,126.4,115g
Godrej Protekt Health Soap,Cosmetic,$1.29,69.98,100g
Hamdard Joshina,Cosmetic,$3.44,186.62,100ml
Hashmi Clove Toothpaste,Cosmetic,$2.59,140.51,70g
Himalaya Active Fresh ToothPaste,Cosmetic,$2.42,131.28,80gm
Himalaya Ayurveda Gum Care Toothpaste,Cosmetic,$2.73,148.1,80g
Clay Curd Port 01c,Utensils,$7.99,433.46,500ml
Coffee Warmer W Coper Base,Utensils,$12.65,686.26,850ml
Drum Sieve Set,Utensils,$28.46,1543.96,6pcs
Fork Set,Utensils,$4.88,264.74,4pcs
Futura Deep Fry Pan /​Kadai Nonstick with Glass Lid,Utensils,$92.51,5018.67,5Ltr
Futura Deep Fry Pan 2.​ Induction with Lid,Utensils,$67.37,3654.82,5ltr
Futura Futura Gasket,Utensils,$11.81,640.69,3l
Futura Ha Deep Fry Pan G/​L,Utensils,$80.96,4392.08,3ltr
Futura Hard Anodised Deep Fry Pan Glass Lid,Utensils,$49.20,2669.1,2ltr
Futura Sealing Ring,Utensils,$4.22,228.93,2ltr
Grater Jumbo 4 Sided,Utensils,$5.66,307.06,4g
Hawkins - Classic 6.​,Utensils,$80.81,4383.94,5 L
Hawkins Contura,Utensils,$69.39,3764.41,4 Ltr
Hawkins Contura 6.​,Utensils,$87.46,4744.7,5 Ltr
Hawkins Contura Pressure Cooker Apple Green Color,Utensils,$84.57,4587.92,3ltr
Hawkins Contura Pressure Cooker Apple Green Color,Utensils,$115.65,6274.01,5ltr
Hawkins Contura Pressure Cooker Mustard Yellow Color,Utensils,$84.57,4587.92,3ltr
Hawkins Contura Pressure Cooker Mustard Yellow Color,Utensils,$115.65,6274.01,5ltr
Hawkins Contura Stainless Steeel pressure cooker,Utensils,$109.87,5960.45,3Ltr
"Hawkins HC20 Contura 2-Litre Pressure Cooker, Small, Aluminum",Utensils,$49.87,2705.45,2g
Hawkins Hevibase Industion,Utensils,$65.35,3545.24,3Ltr
Hawkins Idli Stand For 6.​,Utensils,$18.21,987.89,5 Ltr
Hawkins Ss Handi G/​Lid,Utensils,$111.92,6071.66,4ltr
Hawkins Stainless Steel Handi Glass Lid,Utensils,$112.13,6083.05,4ltr
Hawkins Stainless steel Tea Pan Glass Lid,Utensils,$46.55,2525.34,2ltr
Huanyi Rubber Plastic Spatula,Utensils,$2.31,125.32,3pcs
Kitchen Kadahi W/​Lid 3.​,Utensils,$27.60,1497.3,8ltr
Kitchen Kadahi W/​Lid 5.​,Utensils,$31.70,1719.72,4ltr
Deep Vada For Dahi Vada,Frozen,$14.89,807.78,30pcs
Haldiram's Dal Makhani,Frozen,$5.13,278.3,283gm
Taj Kulcha - Onion,Frozen,"was $14.02


$10.99",760.58,16pcs
Vadilal Ice Cream - Falooda Kulfi,Frozen,$8.49,460.58,500ml
Vadilal Ice Cream - Kaju Draksh,Frozen,$8.49,460.58,500ml
Vadilal Lemongrass,Frozen,$4.38,237.61,100g
Vadilal Manchurian Balls,Frozen,$14.28,774.69,1kg
Vadilal Methi Paratha,Frozen,$3.28,177.94,5pcs
Ashoka Paratha - Onion Pnr,Frozen,"was $12.08


$8.99",655.34,12pcs
Bikano Phulka Roti,Frozen,"was $13.18


$9.49",715.02,30pcs
Mc Cain Smiles,Frozen,$4.23,229.48,415g
Mc Cain Veggie Nuggets,Frozen,$3.44,186.62,325g
Sabrini Amritsari Tikki,Frozen,$11.01,597.29,720g
Sabrini Vada Pav - 4pc,Frozen,$7.21,391.14,400g
Sabrini Veg Shammi Kebab,Frozen,$7.68,416.64,360g
Saurbhi Aloo Paratha,Frozen,$3.09,167.63,4pcs
Vadilal Ice Cream - Kesar Pista Kulfi,Frozen,$15.99,867.46,1l
Ashoka Potato Peas Samosa,Frozen,$7.09,384.63,50pcs
Haldiram Wrap - Chili Gobhi,Frozen,$6.54,354.8,156g
Sabrini Cocktail Samosa,Frozen,$7.21,391.14,500g
Saurbhi Iqf - Ratalu Diced,Frozen,$2.43,131.83,312g
Vadilal Haldi White,Frozen,$3.28,177.94,312g
Vadilal Ice Cream - Kaju Draksh,Frozen,$15.99,867.46,1ltr
Vadilal Ice Cream - Meetha Pan,Frozen,$8.49,460.58,500ml
Vadilal Kala Chana,Frozen,$4.38,237.61,312g
Vadilal Puff - Paneer Tikka,Frozen,$3.28,177.94,125g
Ashoka Samosa Potato Schezwan,Frozen,$9.59,520.26,40pcs
Karan's Punjabi Samosa X25,Frozen,$17.60,954.8,75g
Kawan Chapatti Whole Wheat Value Pack 1.​,Frozen,$10.26,556.6,2kg
Mc Cain Chili Garlic Potato Bites,Frozen,$4.53,245.75,420g
Sabrini Entertainment Pack,Frozen,$11.38,617.36,768g
Ashoka Jalapenochees Samosa,Frozen,$10.01,543.04,20pcs
Ashoka Paratha - Lachcha,Frozen,"was $12.08


$8.99",655.34,12pcs
Deep Paratha - Paneer 1.​,Frozen,$21.78,1181.56,47kg
Deep Sprouted Math,Frozen,$2.73,148.1,454g
Haldiram's Jodhpr Pyaz Kachri,Frozen,$9.42,511.04,6p
Katoomba Cocktail Vegetable Samosa 96 Pieces,Frozen,$21.94,1190.25,96g
Kawan Roti Chanai 480 Gram,Frozen,$4.54,246.3,480g
Saurbhi Gobhi Paratha,Frozen,$3.44,186.62,4pcs
Vadilal Falsa,Frozen,$4.38,237.61,312g
Vadilal Puff - Aloo Mutter,Frozen,$3.28,177.94,125g
Ashoka Malaysian Paratha,Frozen,$15.38,834.36,30pcs
Ashoka Paratha - Aloo Pyaz,Frozen,"was $12.08


$8.99",655.34,12pcs
Ashoka Ponk With Sev,Frozen,$8.99,487.71,170g
Bhagwati's Handvo - Mix Veg,Frozen,$6.58,356.96,312g
Kemchho Phool Makhana (​Fox Nut) Magic Masala,Snacks & Chips,$4.78,259.32,100g
Kemchho Snack - Chegodi,Snacks & Chips,$4.18,226.76,270g
Kirtiraj Snack - Gujarati Chevdo,Snacks & Chips,$4.62,250.64,400g
Kozhi Koden Snk -Banana Chip,Snacks & Chips,$6.91,374.87,400g
Malabar Treats Snack - Tomato Murukku,Snacks & Chips,$3.55,192.59,170g
Ramdev Snack - Nadiyadi Mix,Snacks & Chips,$4.99,270.71,400g
Aayu's Bhel Mix - Hot,Snacks & Chips,$9.99,541.96,900g
Aayu's Chakri - Manchurian,Snacks & Chips,$3.99,216.46,200g
Aayu's Chakri - Soya,Snacks & Chips,$3.99,216.46,200g
Aayu's Schezwan Sticks,Snacks & Chips,$4.50,244.12,360g
Bikano Snk - Matar Para,Snacks & Chips,$6.37,345.57,400g
Chatzpatz Snack - Hing Sev,Snacks & Chips,$2.62,142.14,300g
Chatzpatz Snack - Moong Dal,Snacks & Chips,$2.62,142.14,350g
Chatzpatz Snack - Punjabi Tadka,Snacks & Chips,$2.62,142.14,200g
Das Snack - Vanela Gathiya,Snacks & Chips,$4.46,241.96,250g
Garvi Gujarat Snack - Sing Bhujia,Snacks & Chips,$3.93,213.2,285g
Grand Chetinadu Suthu Murukku,Snacks & Chips,$3.15,170.89,125g
Haldiram's Panchrattan Mix,Snacks & Chips,$3.39,183.91,200g
Kemchho Snk - Jowar Chips,Snacks & Chips,$2.06,111.76,150g
Laxminarayan Shabflx Chiwda,Snacks & Chips,$5.40,292.95,250g
Lay's Salt with Pepper,Snacks & Chips,"was $2.08


$1.79",112.84,48g
Lay's Simply Salted,Snacks & Chips,"was $2.08


$1.79",112.84,48g
Malabar Treats Andhra Mixture Best Before - 31/​05/​2024,Snacks & Chips,"was $6.28


$4.99",340.69,400g
Shyam Sundar Snack - Tamtam,Snacks & Chips,$4.98,270.17,300g
Shyam Sunder Sanck - Kachori,Snacks & Chips,$4.98,270.17,400g
Sukhadia Garbaddas Bapuji Snack - Vanela Gathiya,Snacks & Chips,$3.88,210.49,300g
Amdavadi Kaju Corn Flakes,Snacks & Chips,$2.49,135.08,170g
Amdavadi Sing Bhujiya,Snacks & Chips,$2.49,135.08,200g
Athavale - Chilli Garlic Bite,Snacks & Chips,$4.12,223.51,200g
C B Banana Chips Masala Best Before - 14/​03/​2024,Snacks & Chips,$4.18,226.76,125g
Chatzpatz Snack - Teekha Meetha Mix,Snacks & Chips,$2.62,142.14,250g
Haldiram's Navratan Mix,Snacks & Chips,$13.63,739.43,1kg
Jacme Sarkkaravaratty,Snacks & Chips,$4.39,238.16,200g
Shyam/​S Snk - Indori Sev,Snacks & Chips,$4.98,270.17,400g
Sukhadia Garbaddas Bapuji Snack - Chana Jor Garam,Snacks & Chips,$2.82,152.98,200g
Sukhadia Garbaddas Bapuji Snack - Garlc Bhakharwadi,Snacks & Chips,$6.19,335.81,400g
Sukhadia Garbaddas Bapuji Snack - Jada Gathiya,Snacks & Chips,$3.88,210.49,300g
Telugu Snk - Kara Boondhi,Snacks & Chips,$4.72,256.06,170g
Telugu Snk - Karapusa,Snacks & Chips,$4.72,256.06,170g
24 Mantra Masala Peanut,Snacks & Chips,$5.17,280.47,150g
24 Mantra Thick Sev,Snacks & Chips,$5.17,280.47,150g
Aaha Snack - Spicy Chekodi Stck,Snacks & Chips,$4.18,226.76,170g
Aayu's Diet Bhel,Snacks & Chips,$4.19,227.31,360g
Amdavadi Chokdi Ganthiya,Snacks & Chips,$2.49,135.08,170g
Amdavadi Usal Ganthiya,Snacks & Chips,$2.49,135.08,200g
Balaji Snack - Flamin Hot,Snacks & Chips,$3.07,166.55,140gm
Chatzpatz Snack - Farali Chevda,Snacks & Chips,$2.62,142.14,300g
Bedekar Sunday Masala,Spice Mixes / Masala,$3.74,202.9,100g
Brahmins Sambar Powder,Spice Mixes / Masala,$22.48,1219.54,1kg
Everest Chhole Masala,Spice Mixes / Masala,$12.25,664.56,500g
Gajanand Chilli Powder Kashmiri,Spice Mixes / Masala,$12.00,651.0,500g
Gajanand Cinnamon Stick Flat,Spice Mixes / Masala,$2.24,121.52,100g
Gajanand Cinnamon Stick Swirl,Spice Mixes / Masala,$2.24,121.52,100g
Gajanand Panch Puran,Spice Mixes / Masala,$3.74,202.9,200g
Jaipur Turmeric Whole,Spice Mixes / Masala,$1.94,105.24,200g
Kapol Vadapav Chutney,Spice Mixes / Masala,$1.66,90.06,50g
KT Asafoetida Cake,Spice Mixes / Masala,$4.72,256.06,100g
Mahalaxmi Chef's Special Magic Masala,Spice Mixes / Masala,$3.42,185.54,100g
Mahalaxmi Dal Baati Masala,Spice Mixes / Masala,$2.97,161.12,100g
Mahalaxmi Lachha Onion Masala,Spice Mixes / Masala,$2.97,161.12,100g
Mahalaxmi Nong Batata Vada Masala,Spice Mixes / Masala,$2.83,153.53,100g
Mahalaxmi Nong Bhindi Masala,Spice Mixes / Masala,$2.97,161.12,100g
Mahalaxmi Nong Frankie Masala,Spice Mixes / Masala,$3.36,182.28,100g
Mahalaxmi Nong Mumbai Pav Bhaji Masala,Spice Mixes / Masala,$3.26,176.86,100g
Mahalaxmi Nong Noodle Masala,Spice Mixes / Masala,$3.26,176.86,100g
Mahalaxmi Nong Paneer Bhurji Masala,Spice Mixes / Masala,$3.26,176.86,100g
Mahalaxmi Schezwan Masala,Spice Mixes / Masala,$3.21,174.14,100g
Mangal Butter Chicken,Spice Mixes / Masala,$1.87,101.45,50g
Mangal Tandoori Chicken Msl,Spice Mixes / Masala,$1.87,101.45,100g
Marathi Swad lemon grass Tea,Spice Mixes / Masala,$5.41,293.49,210g
Ramdev Chhole Masala,Spice Mixes / Masala,$2.71,147.02,100g
Shan Mutton Roast Masala,Spice Mixes / Masala,$2.03,110.13,50g
Shan Stew Dopiaza Masala,Spice Mixes / Masala,$2.03,110.13,50g
Suhana White Pepper Powder,Spice Mixes / Masala,$5.10,276.67,100g
Telugu Pav Bhaji Masala,Spice Mixes / Masala,$2.40,130.2,50g
777 Crispy Fish Fry Masala,Spice Mixes / Masala,$3.00,162.75,165g
777 Sambar Powdr,Spice Mixes / Masala,$3.37,182.82,165g
888 Bajji Bonda Mix,Spice Mixes / Masala,$4.35,235.99,165g
Aayu's Vada Pav Chutney,Spice Mixes / Masala,$16.99,921.71,1kg
Eastern Kabab Masala,Spice Mixes / Masala,$2.31,125.32,100g
Gajanand Chilli Powder,Spice Mixes / Masala,$5.99,324.96,400g
Gajanand Chilli Powder,Spice Mixes / Masala,$13.05,707.96,908g
Gajanand Chilli Whole Kashmiri Steamless,Spice Mixes / Masala,$4.34,235.44,100g
Gajanand Chilli Whole Kashmiri Steamless,Spice Mixes / Masala,$8.54,463.29,200g
Gajanand Clove,Spice Mixes / Masala,$2.84,154.07,50g
Gajanand Reshampati Chilli Powder,Spice Mixes / Masala,$23.84,1293.32,908g
Gajanand Turmeric Powder,Spice Mixes / Masala,$9.37,508.32,908g
Hari Om Chicken Fry Masala,Spice Mixes / Masala,$3.49,189.33,100g
Hari Om Chicken Masala,Spice Mixes / Masala,$3.49,189.33,100g
Hari Om Pulao Masala,Spice Mixes / Masala,$3.49,189.33,100g
Mahalaxmi Nong Kitchen Queen Masala,Spice Mixes / Masala,$3.11,168.72,100g
Mahalaxmi Nong Kutchi Dabeli Mix Masala,Spice Mixes / Masala,$9.67,524.6,500g
Mahalaxmi Nong Vadapav Chutney,Spice Mixes / Masala,$8.92,483.91,500g
Mahalaxmi Spicy Pahadi Sabzi Masala,Spice Mixes / Masala,$2.97,161.12,100g
Maharana Lasaniya Bataka Masala,Spice Mixes / Masala,$4.74,257.15,90g
Vasant Garam Masala,Spices,$10.68,579.39,500g
Vasant Rajwadi Garam Masala,Spices,$3.11,168.72,100g
Viya Mace Powder,Spices,$5.75,311.94,40g
Himalaya Blue Berry F/​W,Cosmetic,$5.61,304.34,100ml
Himalaya Foaming Face Wash,Cosmetic,$9.51,515.92,150ml
Himalaya Liv 52 Syrup,Cosmetic,$4.76,258.23,100ml
Himalaya Mud Pack,Cosmetic,$5.53,300.0,100g
Himani Navratna Oil,Cosmetic,$6.43,348.83,200ml
Himani Navratna Oil,Cosmetic,$10.71,581.02,500ml
Kalaamb Shikakai Powder,Cosmetic,$8.56,464.38,150g
Lifeboy Care - Red X 5pk,Cosmetic,$5.79,314.11,125g
Liril Lime & Tea Tree Oil X 4pk,Cosmetic,$8.85,480.11,125g
Lotus Facial Kit Radiant Gold Cellular Glow,Cosmetic,$9.88,535.99,37g
Marhaba Olive Oil,Cosmetic,$3.92,212.66,100ml
Meera Kunkudukai & Badam Shampoo,Cosmetic,$17.28,937.44,650ml
Meera Onion & Fenugreek Shampoo,Cosmetic,$6.05,328.21,180ml
Milan Mehendi,Cosmetic,$10.00,542.5,1kg
Navratna Cool Talc Active,Cosmetic,$17.74,962.39,400g
"Palmolive Naturals Liquid Hand Wash Soap, , Milk & Honey Pump With Moisturising Milk, No Parabens Or Phthalates",Cosmetic,$3.44,186.62,250ml
Patanjali Arjun Amla Juice,Cosmetic,$4.38,237.61,500ml
Pepsodent,Cosmetic,$3.65,198.01,150g
Pepsodent Germi Check,Cosmetic,$4.49,243.58,200g
Pond's Cold Cream,Cosmetic,$7.77,421.52,100ml
Rin Detergent Powder,Cosmetic,$3.99,216.46,1kg
Sac Neem Soap,Cosmetic,$1.63,88.43,80g
Stayfree Night Ultra Dry XL,Cosmetic,$8.64,468.72,14pcs
Supreme Henna - Copper Brown Color,Cosmetic,$2.51,136.17,150g
Vaseline Jelly,Cosmetic,$5.18,281.02,40g
Vicco Turmeric Cream,Cosmetic,$17.28,937.44,80g
Vicco Vajradant Fennel Paste,Cosmetic,$9.82,532.74,200g
Vicco Vajradanti Herbal Tooth Paste,Cosmetic,$9.82,532.74,200g
Vicks Baby Rub,Cosmetic,$8.69,471.43,50ml
Vip Hair Color Shampoo Black,Cosmetic,$2.75,149.19,20ml
Vlcc Instant Glow Bleach 25.​,Cosmetic,$2.14,116.1,7g
Zandu Nityam Tablets,Cosmetic,$4.81,260.94,30pcs
Zandu Ortho Vedic Oil & Balm,Cosmetic,$8.10,439.42,50ml
Amrutanjan Pain Balm Yellow,Cosmetic,$5.03,272.88,26ml
Baidyanath Mahanarayn Tail,Cosmetic,$6.67,361.85,100ml
Bigen Men's Bread Color - Dark Brown,Cosmetic,$15.55,843.59,40g
Cotton Ball,Cosmetic,$2.68,145.39,100 Pcs
Dabur Almond Hair Oil,Cosmetic,$6.58,356.96,200ml
Dabur Honitus Cough Syrup,Cosmetic,$4.49,243.58,100ml
Dabur Janma Ghunti Honey,Cosmetic,$2.75,149.19,60ml
Dabur Vatika Hair Cream - Regular,Cosmetic,$7.68,416.64,210ml
Milton 2.​ Treat Stainless Steel Lid,Utensils,$16.87,915.2,8l
Milton Microwow Tiffin Pro 2,Utensils,$15.76,854.98,2g
Multi 3 Blade Chopper,Utensils,$6.50,352.62,3g
Multi Grinder With 6 Plates,Utensils,$17.71,960.77,6g
Oil Bottle,Utensils,$5.45,295.66,600ml
Oil Glass Bottle,Utensils,$7.59,411.76,500ml
Poha Zara Phzr-1,Utensils,$5.49,297.83,1g
Prestige Deluxe Plus Aluminium Pressure Cooker 7.​,Utensils,$80.96,4392.08,5ltr
Prestige Nakshatra Svachh Aluminium Pressure Cooker,Utensils,$70.84,3843.07,5ltr
Prestige Nakshatra Svachh Aluminium Pressure Cooker,Utensils,$101.20,5490.1,8ltr
Prestige Popular Plus Pressure Cooker 7.​,Utensils,$75.90,4117.58,5ltr
Soda Spoon Set,Utensils,$3.36,182.28,4pcs
Spark Aluminium Tea Kettle,Utensils,$23.49,1274.33,3ltr
Spark Aluminium Tea Kettle,Utensils,$30.71,1666.02,5ltr
Stainless Steel Coffee Filter 6,Utensils,$16.16,876.68,6g
Stainless Steel Vacuum Insulated Food Jar 2 Pack Insulated Carry Bag MARI,Utensils,$51.75,2807.44,450ml
Tier Insulated Tiffin 1.​,Utensils,$11.81,640.69,4L
Treat Ss Lid,Utensils,$10.33,560.4,1500ml
Vinod 22Cm Deep Kadai With Lid 2.​6Ltrs,Utensils,$46.88,2543.24,2g
Vinod 24 Cm Kadai With Lid2.​,Utensils,$37.77,2049.02,7 Ltr
Daily Delight Banana Roast,Frozen,$7.52,407.96,454g
Deep Iqf Falsa,Frozen,$6.20,336.35,340g
Deep Mango Pulp - Kesar,Frozen,$11.75,637.44,850g
Deep Paratha - Aloo 1.​,Frozen,$18.42,999.29,52kg
Haldiram Cocktail Samosa,Frozen,$6.22,337.44,460g
Mc Cain Chili Grl Potato P 1.​,Frozen,$14.72,798.56,5kg
Nanak Sweet Chilli Paneer,Frozen,$14.65,794.76,454g
Sabrini Channa Masala Roll,Frozen,$4.22,228.93,200g
Vadilal Block Methi,Frozen,$9.88,535.99,908g
Vadilal Ice Cream - Butterscotch,Frozen,$15.99,867.46,1ltr
Vadilal Puff - Spcy Schzwan,Frozen,$3.28,177.94,125g
Vadilal Vada Pav,Frozen,$4.93,267.45,390g
Ashoka Spiced Falafel,Frozen,$6.28,340.69,18pcs
Deep Chutney - Pani Puri,Frozen,$4.27,231.65,283g
Deep Delhi Samosas,Frozen,$10.98,595.67,12pcs
Deep Paratha - Gobi,Frozen,$5.41,293.49,400g
Karan's Punjabi Samosa Hot X25,Frozen,$13.93,755.7,45g
Kathakali Wheat Porotta 1.​,Frozen,$14.87,806.7,65kg
Kawan Flakey Paratha 25 Pieces,Frozen,$13.73,744.85,25g
Mc Cain Masala Fries,Frozen,$3.67,199.1,375g
Nawabi Tandoori Naan,Frozen,$15.38,834.36,16 Pcs
Saurbhi Muli Paratha,Frozen,$3.50,189.88,4pcs
Saurbhi Plain Naan,Frozen,$3.02,163.84,5pcs
Taj Naan - Cheese&​Chilli,Frozen,"was $17.74


$13.99",962.39,16pcs
Vadilal Avial Mix,Frozen,$3.59,194.76,312g
Vadilal Dabeli,Frozen,$4.93,267.45,420g
Vadilal Ice Cream - Tuti Fruti,Frozen,$15.99,867.46,1ltr
Vadilal Jn Amd Bhakri Pizza,Frozen,$6.65,360.76,2pcs
Vadilal Spring Roll,Frozen,$8.96,486.08,560g
Ayers Rock Spicy Soya Chunks,Frozen,$10.72,581.56,500g
Dd Parippuvada,Frozen,$7.70,417.72,454g
Deep Iqf Tuvar Lilva,Frozen,$8.45,458.41,680g
Deep Veg Spring Roll,Frozen,$5.03,272.88,315g
Haldiram Momos Veggie & Pnr,Frozen,$7.85,425.86,350g
Haldiram's Naan - Cheese,Frozen,$23.46,1272.71,16pcs
Karan's Punjabi Samosa X25,Frozen,$13.93,755.7,45g
Kirtiraj Mathia,Frozen,$4.16,225.68,200gm
Nanak Veg Burger Patties,Frozen,$17.60,954.8,640g
Sabrini Veg Puff,Frozen,$9.86,534.9,600g
Saurbhi Paneer Paratha,Frozen,$4.60,249.55,4 Pcs
Saurbhi Punjabi Samosa Hot,Frozen,$16.48,894.04,26pcs
Vadilal Ginger,Frozen,$2.93,158.95,150g
Vadilal Ice Cream - Chocolate,Frozen,$8.49,460.58,500ml
Vadilal Moong Sprouts,Frozen,$4.38,237.61,312g
Ashoka Lahori Punjabi Samosa X,Frozen,$19.78,1073.06,25pcs
Deep Masala Chichpeas Black Pepper,Snacks & Chips,$3.32,180.11,227g
Deep Masala Chickpeas Spicy,Snacks & Chips,$3.32,180.11,227g
Deep Masala Peanuts Chilli & Garlic,Snacks & Chips,$4.18,226.76,227g
Deep Masala Peanuts Sweet Chilli,Snacks & Chips,$4.18,226.76,227g
Deep Snack - Gujarati Surti Special,Snacks & Chips,$5.51,298.92,340g
Haldiram Paneer Mint Fingers,Snacks & Chips,$13.50,732.38,16p
Haldiram Railway Cutlet,Snacks & Chips,$7.49,406.33,360g
Haldiram's Chatpata Matar,Snacks & Chips,$6.10,330.92,400gm
Haldiram's Dry Fruit Mixtu,Snacks & Chips,$5.23,283.73,150g
Kalyan Masala Peanuts,Snacks & Chips,$4.12,223.51,200g
Khushboo Mix Farsan,Snacks & Chips,$9.38,508.87,800g
Kozhi Koden Snk -Banana Chip,Snacks & Chips,$13.50,732.38,800g
Kwality Makers Snack - Missal Mix,Snacks & Chips,$4.94,268.0,400g
Laxminarayan Bakarwadi,Snacks & Chips,$3.47,188.25,200g
Malabar Treats Bombay Mixture Best Before - 30/​04/​2024,Snacks & Chips,"was $5.76


$4.49",312.48,400g
Malabar Treats Hot & Spicy Mixture,Snacks & Chips,$5.36,290.78,400g
Modern Potato Chips Plain,Snacks & Chips,$3.93,213.2,180g
MT Snack - Banana Chily Chips,Snacks & Chips,$15.75,854.44,908g
Shyam/​S Snk - Rajwadi Mix,Snacks & Chips,$4.98,270.17,400g
Sukhadia Garbaddas Bapuji Snack - Fulvadi,Snacks & Chips,$4.94,268.0,400g
Telugu Snack - Chekodilu Peri Peri Flavored,Snacks & Chips,$4.72,256.06,2170g
Uncle Chips Plain Salted,Snacks & Chips,$2.08,112.84,52g
Viya Snack - Masala Boondi,Snacks & Chips,$6.43,348.83,400g
Aayu's Potato Chips - Chilli,Snacks & Chips,$3.99,216.46,200g
Amdavadi Khatta Mitha Mix,Snacks & Chips,$2.49,135.08,200g
Amdavadi Surti Mix,Snacks & Chips,$2.49,135.08,200g
Bedekar Bakarwadi,Snacks & Chips,$3.76,203.98,200g
Bikano Moong Dal,Snacks & Chips,"was $11.53


$8.49",625.5,1kg
Chatzpatz Snack - All In One,Snacks & Chips,$2.62,142.14,250g
Chatzpatz Snack - Hing Chana,Snacks & Chips,$2.62,142.14,350g
G/​G Snk - Ratlami Sev,Snacks & Chips,$3.93,213.2,285g
Grand Chettinadu Kara Thattai,Snacks & Chips,$3.15,170.89,125g
Haldiram's Aloo Bhujia,Snacks & Chips,$6.07,329.3,400gm
Happy Leaf Organic Snack - Aloo Bhujia,Snacks & Chips,$3.13,169.8,170g
Kalyan Instant Puran,Snacks & Chips,$4.54,246.3,300g
Kalyan Mataki Bhel,Snacks & Chips,$5.38,291.86,350g
Kalyan Papdi,Snacks & Chips,$4.12,223.51,250g
Kwality Makers Snack - Methi Muthiya,Snacks & Chips,$4.94,268.0,400g
Kwality Makers Snack - Vanela Gathiya,Snacks & Chips,$4.94,268.0,400g
Laxminarayan Special Chiwda,Snacks & Chips,$7.86,426.4,400g
N K Ribbon Pakoda,Snacks & Chips,$3.74,202.9,175g
Shyam Sundar Snack - Sing Bhujia,Snacks & Chips,$4.98,270.17,400g
Shyam Sundar Snack - Soya Chips,Snacks & Chips,$3.66,198.56,250g
Shyam Sunder Sanck - Banana Wafer Masala,Snacks & Chips,$4.98,270.17,300g
Sukhadia Garbaddas Bapuji Snack - Ratlami Sev,Snacks & Chips,$5.44,295.12,400g
TB Snack - Kerala Mixture,Snacks & Chips,$3.93,213.2,170g
Telugu Snk - Pappu Chegodilu,Snacks & Chips,$4.72,256.06,150g
24 Mantra Ribbon Pakoda,Snacks & Chips,$5.17,280.47,150g
Maharana Vada Pav Chutney,Spice Mixes / Masala,$4.74,257.15,90g
Maharana Vaghareli Khichdi Masala,Spice Mixes / Masala,$4.74,257.15,90g
Mangal Kheema Masala,Spice Mixes / Masala,$1.87,101.45,50g
Marathi Masala - Aakkha Masur Best Before - 18/​04/​2024,Spice Mixes / Masala,"was $5.23


$3.99",283.73,100g
Marathi Masala - Kheema Best Before - 18/​04/​2024,Spice Mixes / Masala,"was $5.76


$4.49",312.48,100g
Shan Masala Ramadan Offer,Spice Mixes / Masala,$6.30,341.78,50g
Suhana Butter Milk Masala,Spice Mixes / Masala,$2.24,121.52,100g
Telugu Meat Masala,Spice Mixes / Masala,$2.40,130.2,90g
Thulasi Dhall Powder,Spice Mixes / Masala,$4.35,235.99,165g
Thulasi Fish Fry Masala,Spice Mixes / Masala,$4.35,235.99,165g
Thulasi Garlic Dhall Powder,Spice Mixes / Masala,$4.35,235.99,165g
Tit Bit Manchow Soup,Spice Mixes / Masala,$1.87,101.45,50g
Tit Bit Veg Crispy Masala Mix,Spice Mixes / Masala,$1.87,101.45,50g
Dettol Antiseptic Liquid,Cosmetic,$8.64,468.72,550ml
Elastoplast Flexible Fabric Strips 20 Pack,Cosmetic,$3.45,187.16,20g
Emami 7 In 1 Hair Oil,Cosmetic,$11.67,633.1,500ml
Eno Lemon X 60 Pk,Cosmetic,$24.00,1302.0,5g
Eno Tangy Lemon Tablet,Cosmetic,$2.99,162.21,10pcs
Fair & Handsome Long Last,Cosmetic,$7.77,421.52,60g
Fair & Lovely Ayurvedic,Cosmetic,$6.95,377.04,50g
Figaro Olive Oil,Cosmetic,$15.22,825.68,240ml
Flying Tiger Balm - Red,Cosmetic,$3.63,196.93,15g
Fogg Body Spray - Majestic,Cosmetic,$9.99,541.96,120ml
Garnier Hair Color Deep Black,Cosmetic,$2.18,118.27,20g
Garnier Men Face Wash Brightning,Cosmetic,$9.74,528.4,100g
Garnier Men N/​Black Clr+​,Cosmetic,$7.21,391.14,30ml
Godrej C/​S Natural Black,Cosmetic,$6.12,332.01,33g
Godrej Shaving Cream Menthol,Cosmetic,$1.93,104.7,70g
Hamam Neem Soap X 4pk,Cosmetic,$8.99,487.71,100g
Hashmi Ispaghol,Cosmetic,$7.77,421.52,140g
Himalaya Age Defying H Crm,Cosmetic,$4.32,234.36,100ml
Himalaya Arjuna Tablets - Best Before - 30/​08/​2024,Cosmetic,$7.07,383.55,60pcs
Himalaya Lemon F/​W,Cosmetic,$5.53,300.0,100ml
Himalaya Shallaki Teblets,Cosmetic,$7.86,426.4,60pcs
Himalaya Shampoo Damage Repair,Cosmetic,$10.19,552.81,340ml
Honitus Adulsa Cough Syrup,Cosmetic,$4.24,230.02,100ml
Indulekha Hair Oil,Cosmetic,$9.49,514.83,50ml
Jolen Bleach Creme Active O2 Release,Cosmetic,$15.22,825.68,247g
Kalaamb Neem Hair Care Powder,Cosmetic,$8.47,459.5,150g
Kaveri Mehandi Cone - Small,Cosmetic,$0.99,53.71,1pcs
Lakme Face Creame Skin Light perfect radiance 20 pa+​+,Cosmetic,$29.16,1581.93,50g
Lifeboy Red X 5pack,Cosmetic,$7.68,416.64,125g
Liril Lime & T/​T Oil,Cosmetic,$3.14,170.34,125g
Liril Lime & Tea Tree Oil X 3pk,Cosmetic,$8.57,464.92,100g
Lotus Face Wash Apricot Scrub,Cosmetic,$8.50,461.12,100g
Lotus Face Wash Berryscrub,Cosmetic,$8.50,461.12,120g
Lotus Face Wash Teatreewash & Cinnamon Anti-Acne Oil Control,Cosmetic,$8.50,461.12,120g
Lotus Facial Kit Radiant Bridal Glow,Cosmetic,$13.40,726.95,57g
Lotus Facial Kit Radiant Pearl Cellular Lightening,Cosmetic,$38.26,2075.6,170g
Lotus Fash Wash Advanced Pink Glow Bright,Cosmetic,$10.98,595.67,100g
Mamaearth Face Wash Charcoal,Cosmetic,$9.33,506.15,100ml
Mamaearth Face Wash Vitamin C,Cosmetic,$9.33,506.15,100ml
Marhaba Taramira Oil Best Before - 31/​05/​2024,Cosmetic,"was $4.93


$3.49",267.45,100ml
Meera Conditioner Coconut Milk,Cosmetic,$9.25,501.81,250ml
"Meera Hair Wash Powder Fenugreek, Small Onion & 16 Herbs",Cosmetic,$5.18,281.02,120g
Vinod 30cm Kadai With Lid5.​,Utensils,$56.38,3058.62,8 Ltr
Vinod Deluxe Stainless Steel Kadahi With Lid 26cm 3.​,Utensils,$45.96,2493.33,8ltr
Vinod Gasket,Utensils,$5.06,274.5,5ltr
Vinod Stainless Steel Pressure Cooker,Utensils,$66.18,3590.27,3l
W/​Chef 3ply Ss Kadhai 20cm 1.​,Utensils,$91.94,4987.74,5l
W/​Chef Cooker Taursh Inr Lid,Utensils,$131.98,7159.91,8l
W/​Chef Granite Sauce Pan with Lid 18cm-1.​,Utensils,$48.38,2624.62,8Ltr
W/​Chef R/​Velvet W/​Lid 26cm 3.​,Utensils,$54.15,2937.64,2l
W/​Chef String Chopper 5 Blade,Utensils,$20.30,1101.28,5g
Wonder Chef Nigella Stailnless Steel Cooking Pot Triply 18cm 2.​,Utensils,$56.95,3089.54,1L
Wonder Chef Copper Artisan Bottle 1.​5 Litre,Utensils,$49.86,2704.9,1g
Wonder Chef Ebony Deep Kadhai With Lid 30cm,Utensils,$81.59,4426.26,6ltr
Wonder Chef Ebony Hard Anodized Wok With Lid - 24cm,Utensils,$71.90,3900.58,3ltr
Wonder Chef Nigella Pressur Cooker Inner Lid,Utensils,$123.39,6693.91,3ltr
Wonder Chef Nigella Pressure Cooker Inner Lid,Utensils,$105.42,5719.04,5ltr
Wonder Chef Nigella Stainless Steel 3 Ply Kadhai - 24cm,Utensils,$117.23,6359.73,3ltr
Wonder Chef Royal Velvet Wok With Lid 26cm - 3.​,Utensils,$58.14,3154.1,2 Ltr
Wonderchef Aqua-Bot Stainless Steel Vacuum Flask 1 Litre (​Silver),Utensils,$30.95,1679.04,1g
Wonderchef Artisan Pure Copper Water Bottle 1 Litre,Utensils,$43.05,2335.46,1g
Wonderchef Caesar Frying Pan With Wooden Handle 26 cm Black,Utensils,$49.48,2684.29,26g
Wonderchef Cooker Stainless Steel Nigella Outerr Lid - Blue,Utensils,$115.94,6289.74,5ltr
Wonderchef Cu Classic Bottle,Utensils,$43.05,2335.46,1ltr
Wonderchef Duo Bot Stainless Steel Water Bottle (​Cooper Finish),Utensils,$17.58,953.71,1000 ml
Wonderchef Ebony Hard Anodized Aluminium Handi with Lid cook and serve 5 Litres/​24cm - Black/​Brown,Utensils,$96.52,5236.21,5g
Wonderchef Ebony Roti Tawa without Induction 4.​88mm 28 Cm,Utensils,$70.04,3799.67,4g
Wonderchef Everest Aluminium Sauce Pan with Lid 2.​85 Litres/​18cm - Purple,Utensils,$38.48,2087.54,2g
Wonderchef Fridge Bot 2 Bottles,Utensils,$50.28,2727.69,2g
"Wonderchef Granite Range Aluminium Wok 26cm,​3.​ - Grey",Utensils,$65.98,3579.42,1L
Wonderchef Health Guard Aluminium Pressure Cooker - Blue,Utensils,$82.65,4483.76,3Ltr
Wonderchef Health Guard Aluminium Pressure Cooker 5 litres - Blue,Utensils,$87.98,4772.92,5g
Wonderchef Health Guard Pressure Cooker – ​Maroon,Utensils,$82.65,4483.76,3 ltr
Wonderchef Health Guard Pressure Cooker – Maroon,Utensils,$87.98,4772.92,5 ltr
"Wonderchef Hot Bot Stainless Steel Water Bottle Vacuum Flask, 1 Litre (​Silver)",Utensils,$36.28,1968.19,1g
Ashoka Samosa Jumbo Punjabi 25pc X,Frozen,$19.78,1073.06,75g
Dd Tender Jack Fruit Green,Frozen,$6.25,339.06,400g
Deep Frozen Veg - Mix Veg,Frozen,$7.59,411.76,908g
Deep Naan - Tandoori,Frozen,$4.32,234.36,5pcs
Deep Patra Vata Sliced,Frozen,$10.15,550.64,1kg
Haldiram Moong Dal Kachori,Frozen,$6.22,337.44,420g
Home Root Punjabi Samosa Jumbo X,Frozen,$30.00,1627.5,100g
Saurbhi Cocktail Samosa C/​D,Frozen,$5.79,314.11,400g
Saurbhi Spring Roll - 1.​,Frozen,$19.78,1073.06,96pcs
Vadilal Buff Vada Farali,Frozen,$5.48,297.29,20pcs
Vadilal French Fries,Frozen,$5.02,272.33,375g
Vadilal Ice Cream - Falooda Kulfi,Frozen,$15.99,867.46,1ltr
Ashoka Chana Dal Samosa,Frozen,$7.64,414.47,50pcs
Ashoka Jamun,Frozen,$3.69,200.18,310g
Ashoka Paratha - Mix Veg,Frozen,"was $12.08


$8.99",655.34,12pcs
Ashoka Patra Vata,Frozen,$7.33,397.65,908g
Deep Aloo Tikki,Frozen,$6.25,339.06,400g
Deep Chutny - Mint,Frozen,$6.10,330.92,283g
Deep Hara Bhara Kababs,Frozen,$7.84,425.32,300g
Deep Lachcha Paratha,Frozen,$3.52,190.96,340g
Karachi Delight Chapli Bun Kebab,Frozen,$15.38,834.36,650g
Karan's Iqf - Green Chilli H,Frozen,$5.48,297.29,908g
Kirtiraj Cholafali,Frozen,$4.16,225.68,200g
Lotu Roasted Chicken,Frozen,$22.14,1201.1,1kg
Sabrini Taka Tak Roll,Frozen,$4.16,225.68,200g
Saurbhi Iqf - Sitafal Pulp,Frozen,$5.50,298.38,312g
Saurbhi Punjabi Samosa,Frozen,$15.71,852.27,26pcs
Saurbhi Puran Poli,Frozen,$5.50,298.38,4pcs
Taj Paratha - Original,Frozen,"was $12.41


$9.99",673.24,20pcs
Vadilal Aloo Tikki 1.​,Frozen,$16.47,893.5,6kg
Vadilal Cassava Chunks,Frozen,$3.91,212.12,312g
Vadilal Chikoo Pulp,Frozen,$6.58,356.96,800g
Vadilal Ice Cream - Anjeer,Frozen,$15.99,867.46,1ltr
Ashoka Mini Punjabi Samosa,Frozen,$5.96,323.33,375g
Ashoka Samosa Punjabi NONG X,Frozen,$15.05,816.46,45pcs
Ayers Rock Roasted Chicken,Frozen,$10.72,581.56,500g
Deep Batata Vada,Frozen,$9.35,507.24,600g
Deep Iqf Guava Red Slice,Frozen,$5.02,272.33,340g
Deep Paratha - Lachcha 1.​,Frozen,$14.27,774.15,3kg
Deep Paratha - Mooli,Frozen,$5.41,293.49,400g
Deep Spy Veggie Burgers,Frozen,$6.76,366.73,400gm
Haldiram Amritsari Kulcha,Frozen,$7.07,383.55,4pcs
Haldiram Jumbo Punjabi Samosa - 1.​,Frozen,$22.40,1215.2,14pcs
Haldiram's Veg Cutlet,Frozen,$4.10,222.42,240g
Kawan Bulk WholeMeal Paratha,Frozen,$14.28,774.69,25pcs
Saurbhi Iqf - Singoda,Frozen,$4.47,242.5,312g
Aaha Snack - Cheti Chekkalu,Snacks & Chips,$4.18,226.76,170g
Aayu's Chakri - Schezwan,Snacks & Chips,$3.99,216.46,200g
Aayu's Potato Chips - Chilli Garlic,Snacks & Chips,$3.99,216.46,200g
Amdavadi Hot Mix,Snacks & Chips,$2.49,135.08,200g
Athavale - Bhajani Sticks,Snacks & Chips,$3.74,202.9,200g
Athavale - Methi Mathri,Snacks & Chips,$4.12,223.51,200g
Balaji Snk - Punjabi Tadka,Snacks & Chips,$3.07,166.55,250g
Bansari Snk - Masala Matri,Snacks & Chips,"was $5.99


$4.99",324.96,400g
Bikano Snack - Tikoni Matthi,Snacks & Chips,$5.39,292.41,400g
Chatzpatz Snack - Mastana Mix,Snacks & Chips,$2.62,142.14,250g
Das Snack - Lasaniya Ganthiya,Snacks & Chips,$4.46,241.96,250g
Deep Snack - Gujarati Bhatha Kani,Snacks & Chips,$5.51,298.92,340g
Grand Chettinadu Garlic Murukku,Snacks & Chips,$3.15,170.89,125g
Haldiram's Mini Samosa,Snacks & Chips,$2.71,147.02,200g
Happy Leaf Organic Snack - Bhujia,Snacks & Chips,$3.13,169.8,170g
Happy Leaf Organic Snack - Laung Sev,Snacks & Chips,$3.13,169.8,170g
Happy Leaf Organic Snack - Tangy Tomato Sticks,Snacks & Chips,$3.13,169.8,170g
Jacme Pepper Banana Chips,Snacks & Chips,$5.19,281.56,300g
Jacme Rice Murukku,Snacks & Chips,$2.77,150.27,200g
Khushboo Snack - Puneri Misal,Snacks & Chips,$4.10,222.42,350g
Km Mari Banana Chips,Snacks & Chips,$6.60,358.05,400g
Laxminarayan Special Cornflakes Chiwda,Snacks & Chips,$7.86,426.4,400g
Maniarr's Panipuri Kit - Garlic,Snacks & Chips,$3.13,169.8,115g
Mrathi Swad - Bhel With Chutney,Snacks & Chips,$7.35,398.74,500g
N K Murukku (​Mild),Snacks & Chips,$3.74,202.9,175g
Roast Makhana - Himalayan Salt,Snacks & Chips,$5.07,275.05,70g
Sabrini Nylon Sev,Snacks & Chips,$7.37,399.82,500g
Sukhadia Garbaddas Bapuji Snack - Patla Gathiya,Snacks & Chips,$3.88,210.49,300g
Telugu Snk - Onion Murukku,Snacks & Chips,$4.72,256.06,170g
Aayu's Banana Chips - Long Mari,Snacks & Chips,$3.49,189.33,250g
Aayu's Banana Chips - Long Yellow,Snacks & Chips,$3.49,189.33,250g
Aayu's Banana Chips - Masala,Snacks & Chips,$4.99,270.71,360g
Aayu's Farali Chevdo,Snacks & Chips,$4.49,243.58,200g
Aayu's Potato Chips - Peri Peri,Snacks & Chips,$3.99,216.46,200g
Balaji Wafers Crunchex Chaska,Snacks & Chips,$3.41,184.99,135g
Das Snack - Tikhi Sev,Snacks & Chips,$4.46,241.96,250g
Deep Masala Chickpeas Thai Sweet Chilli,Snacks & Chips,$3.32,180.11,227g
Deep Snack - Gujarati Nadiadi Mix,Snacks & Chips,$5.51,298.92,340g
G/​G Snk - Farali Chiwda,Snacks & Chips,$3.93,213.2,180g
Grand Chettinadu Kerala Mixture,Snacks & Chips,$3.15,170.89,125g
Grand Chettindu Ceylon Murukku,Snacks & Chips,$3.15,170.89,125g
Haldiram's Chana Jor,Snacks & Chips,$4.18,226.76,400g
Haldiram's Ribbon Pakoda,Snacks & Chips,$2.89,156.78,180g
Kailash Chatpati Bhel Chat Best Before - 10/​03/​2024,Snacks & Chips,$5.76,312.48,250g
Khushboo Snack - Masala Boondi,Snacks & Chips,$4.10,222.42,350g
Kozhi Koden Snack Kerla Mix Hot,Snacks & Chips,$10.17,551.72,800g
Kwality Makers Snack - Jamnagari Gathiya,Snacks & Chips,$4.94,268.0,400g
Laxminarayan Potato Chiwda,Snacks & Chips,$7.86,426.4,400g
Meera Onion & Fenugreek Shampoo,Cosmetic,$17.28,937.44,650ml
Meera Shampoo kunkudukai & Badam,Cosmetic,$6.05,328.21,180ml
Neha Mehandi Oil,Cosmetic,$3.28,177.94,6ml
Parkavenue Body Spray Cool Blue,Cosmetic,$6.05,328.21,150ml
Parkavenue Body Spray Discover,Cosmetic,$6.05,328.21,150ml
Parkavenue Body Spray Good Morning,Cosmetic,$6.05,328.21,150ml
Parkavenue Body Spray Neo,Cosmetic,$6.05,328.21,150ml
Parkavenue Body Spray Storm,Cosmetic,$6.05,328.21,150ml
Patanjali Dant Kanti Sensiti,Cosmetic,$3.80,206.15,150g
Patanjali Satavar Churna,Cosmetic,$10.68,579.39,100g
Pears Pure & Gentle +​,Cosmetic,$3.51,190.42,100g
Pet Safa Granules,Cosmetic,$0.49,26.58,4g
Pudina Hara Tablet,Cosmetic,$1.99,107.96,10pcs
Sac Cucumber Soap,Cosmetic,$1.63,88.43,100g
Set Wet Hair Gel Cool,Cosmetic,$3.71,201.27,50ml
Sleek Waxing Strips Btr & Br,Cosmetic,$8.36,453.53,20p
Sunsilk Soft & Smooth Shampoo,Cosmetic,$10.84,588.07,360ml
Supreme Henna - Red Color,Cosmetic,$2.59,140.51,150g
Tiger Cub Balm - White,Cosmetic,$4.38,237.61,15g
Trichup Oil With Sesame Oil & Coconut Oil,Cosmetic,$11.94,647.74,200ml
Uttam Ashwagandha Powder,Cosmetic,$4.38,237.61,100g
Vaseline Jelly,Cosmetic,$5.23,283.73,85g
Vicks Vapo Rub,Cosmetic,$5.99,324.96,50ml
Vlcc Facial Kit Bmb Charcoal Best Before - 29/​02/​2024,Cosmetic,$17.00,922.25,60g
Vlcc Gold Bleach,Cosmetic,$2.14,116.1,30g
Vlcc Herbal Bleach,Cosmetic,$2.14,116.1,27g
Wooden Spoon,Cosmetic,$4.32,234.36,100pcs
Wonderchef Nigella Pressure Cooker Blue,Utensils,$112.17,6085.22,3L
Wonderchef Nigella Pressure Cooker Blue,Utensils,$137.50,7459.38,7L
Wonderchef Premia Wok with Lid 28cm 3.​,Utensils,$70.71,3836.02,6L
Wonderchef Royal Velvet Plus Set - Purple,Utensils,$104.48,5668.04,3 pcs
Wonderchef Taurus Hard Anodised Pressure Cooker,Utensils,$115.78,6281.06,5 ltr
Wonderchef Tea Pot with Lid 1.​,Utensils,$56.57,3068.92,2ltr
Wonderchef Tri Ply Sauce Pan 2.​,Utensils,$78.57,4262.42,2ltr
Wonderchef Ultima Pressure Cooker Inner Lid,Utensils,$63.16,3426.43,3 Ltr
Wonderchef Ultima Pressure Cooker Outer Lid 7.​,Utensils,$101.27,5493.9,5L
Sharma Shrikhand - Mango,Frozen,$10.31,559.32,500g
Taj Paratha - Home Style Wholemeal,Frozen,"was $13.18


$10.99",715.02,16pcs
Vadilal Cheese Garlic Bread,Frozen,$4.38,237.61,6pcs
Vadilal Garlic Cloves,Frozen,$2.18,118.27,150g
Vadilal Ice Cream - Vanilla,Frozen,$15.99,867.46,1ltr
Vadilal Muthiya,Frozen,$4.38,237.61,300g
Aashirvaad Dal Paratha,Frozen,$4.95,268.54,4pcs
Aashirvaad H/​Style Paratha,Frozen,$4.16,225.68,4pcs
Aashirvaad Mix Veg Paratha,Frozen,$4.95,268.54,4pcs
Ashoka Paratha - Asli Plain,Frozen,"was $12.08


$8.99",655.34,15pcs
Ashoka Veg Spring Rolls,Frozen,$7.59,411.76,24pcs
Dd Cut Mango Green,Frozen,$6.58,356.96,400g
Deep Makki Ki Roti,Frozen,$5.50,298.38,400g
Deep Naan - Tandoori,Frozen,$12.96,703.08,16pcs
Haldiram Momos Veggie,Frozen,$7.85,425.86,350g
Haldiram Sarso Ka Saag,Frozen,$5.79,314.11,283g
Kawan Bulk Onion Paratha,Frozen,$14.83,804.53,25pcs
Kirtiraj Mathia Green Chill,Frozen,$3.92,212.66,200gm
Mezban Spring Roll Pastry,Frozen,$1.63,88.43,147g
Mezban Sprng/​Samosa Pastry,Frozen,$3.28,177.94,275g
Sabrini Bollywood Potato Roll,Frozen,$4.22,228.93,200g
Sabrini Keema Pav,Frozen,$9.52,516.46,400g
Sabrini Onion Bhaji,Frozen,$4.33,234.9,320g
Sabrini Snack Pack,Frozen,$20.19,1095.31,40pcs
Saurbhi Chese Onion Paratha,Frozen,$4.63,251.18,4 Pcs
Saurbhi Mix Veg Combo,Frozen,$19.78,1073.06,96pcs
Shuddh Ice Cream - Lychee,Frozen,$3.66,198.56,150ml
Shuddh Ice Cream - Lychee,Frozen,$10.65,577.76,1l
Vadilal Beetroot,Frozen,$3.94,213.74,312g
Vadilal Chs/​Grlc Mska Bun,Frozen,$3.28,177.94,150g
Vadilal Classic Maska Bun,Frozen,$2.18,118.27,100g
Vadilal Farali Kebab - 10pc,Frozen,$4.38,237.61,250g
Vadilal Green Peas Paratha,Frozen,$3.83,207.78,4 Pcs
Vadilal Hara Bhara Kebab,Frozen,$4.38,237.61,10pcs
Vadilal Ice Cream - Tender Coconut,Frozen,$15.99,867.46,1ltr
Vadilal Ice Cream - Vanilla,Frozen,$8.49,460.58,500ml
Vadilal Masala Maska Bun,Frozen,$2.18,118.27,120g
Vadilal Mix Vegetable,Frozen,$3.28,177.94,312g
Vadilal Puff - Handi Paneer,Frozen,$3.28,177.94,125g
Aashirvaad Grlc&​Corndr Naan,Frozen,$4.10,222.42,5pcs
Aashirvaad Tandoori Naan,Frozen,$4.10,222.42,5pcs
Ashoka Hara Bhara Kebab,Frozen,$7.20,390.6,360g
Ashoka Kofta Dry Balls,Frozen,$17.28,937.44,35pcs
Ashoka Manchrn Ball W/​Grvy,Frozen,$6.09,330.38,6pcs
Ashoka Paneer Bhurji Tikki,Frozen,$7.33,397.65,300g
Ashoka Veggi Cutlet,Frozen,$6.34,343.94,400g
Deep Iqf Mix Veg 1.​75k,Frozen,$6.87,372.7,1g
Deep Iqf Sweet Corn Ker,Frozen,$7.46,404.7,908g
Malabar Treats Special Rice Murukku,Snacks & Chips,$6.02,326.58,454g
Maniarr's Dry Samosa Best Before - 19/​04/​2024,Snacks & Chips,"was $6.07


$4.79",329.3,330g
Modern Potato Chips Masala,Snacks & Chips,$3.93,213.2,180g
Mt Bitter Gourd Chips,Snacks & Chips,$4.37,237.07,200g
MT Onion Mixture,Snacks & Chips,$5.10,276.67,400g
Raj Amrut Banana Masala Wafers,Snacks & Chips,$3.46,187.7,200g
Raj Amrut Corn Chivda,Snacks & Chips,$2.47,134.0,200g
Raj Amrut Jowar Lavash,Snacks & Chips,"was $4.71


$3.49",255.52,150g
Sukhadia Garbaddas Bapuji Snack - Bhadran Mag,Snacks & Chips,$5.53,300.0,400g
Sukhadia Garbaddas Bapuji Snack - Chatni Gathiya,Snacks & Chips,$6.26,339.6,400g
Sukhadia Garbaddas Bapuji Snack - Farali Chevdo Mild,Snacks & Chips,$4.21,228.39,300g
Sukhadia Garbaddas Bapuji Snack - Jain Bhakharwadi,Snacks & Chips,$6.19,335.81,400g
Sukhadia Garbaddas Bapuji Snack - Rajwadi Mixture,Snacks & Chips,$5.04,273.42,400g
Sukhadia Garbaddas Bapuji Snack - Sev Mamara Hot,Snacks & Chips,$4.54,246.3,300g
Sukhadia Garbaddas Bapuji Snack - Swaminryan Mix Chavanu,Snacks & Chips,$4.87,264.2,400g
Uttam Snack - Nylon Sev,Snacks & Chips,$5.77,313.02,400g
Aadit Sweet Matri,Snacks & Chips,$7.86,426.4,400g
Aayu's Banana Chips - Tomato,Snacks & Chips,$4.99,270.71,360g
Aayu's Potato Chips - American BBQ,Snacks & Chips,$3.99,216.46,200g
Aayu's Potato Chips - Lime & Spicy,Snacks & Chips,$3.99,216.46,200g
Aayu's Potato Chips - Masala Katri,Snacks & Chips,$3.99,216.46,200g
Amdavadi Bhatha Kani,Snacks & Chips,$2.49,135.08,200g
Amdvd Fafda,Snacks & Chips,$9.99,541.96,350g
Balaji Snack - Simply Salted,Snacks & Chips,$2.05,111.21,60gm
Balaji Snack - Sizzling Chili,Snacks & Chips,$2.05,111.21,60gm
Balaji Snk - Cheese Chilli,Snacks & Chips,$3.07,166.55,140gm
Bansari Snk - Palak Matri,Snacks & Chips,"was $5.99


$4.99",324.96,400g
Chatzpatz Snack - Cornflakes Mix,Snacks & Chips,$2.62,142.14,200g
Chatzpatz Snack - Masala Boondi,Snacks & Chips,$2.62,142.14,200g
Chitale Bandhu Khari Boondi Best Before - 06/​03/​2024,Snacks & Chips,$4.18,226.76,200g
Deep Snack - Gujarati Papad Makai Chevda,Snacks & Chips,$5.51,298.92,340g
Deep Snack - Gujarati Tikha Mix,Snacks & Chips,$5.51,298.92,340g
Grand Chettinadu Bombay Mixture,Snacks & Chips,$3.15,170.89,125g
Grand Chettinadu Butter Murukku Special,Snacks & Chips,$3.15,170.89,125g
Happy Leaf Organic Snack - Party Peanuts,Snacks & Chips,$3.13,169.8,170g
Happy Leaf Organic Snack - Special Vada,Snacks & Chips,$3.13,169.8,170g
Jacme Bombay Mixture,Snacks & Chips,$5.40,292.95,400g
Jacme Kerala Banana Chips,Snacks & Chips,$14.10,764.92,800g
Jacme Payyoll Mixture,Snacks & Chips,$4.64,251.72,400g
Kemchho Snack - Ragi Chips,Snacks & Chips,$2.63,142.68,150g
Khushboo Snk - Banana Lng M,Snacks & Chips,$6.14,333.1,340g
Kwality Makers Masala Boondi,Snacks & Chips,$11.55,626.59,1kg
Maharana - Vaghareli Dhani,Snacks & Chips,$4.80,260.4,200g
Mirch Masala Snack - Aloo Bhujia,Snacks & Chips,$5.44,295.12,340g
MT Banana Chips,Snacks & Chips,$4.12,223.51,200g
Mt Jack Fruit Chips,Snacks & Chips,$9.49,514.83,400g
Raj Amrut Rice Chakri,Snacks & Chips,$3.46,187.7,200g
Roast Makhana - Cheesy Jalapeno,Snacks & Chips,$5.07,275.05,70g
Deep Sprouted Moong,Frozen,$2.73,148.1,454g
H/​R Veg Puff - Any Variety,Frozen,$1.99,107.96,135g
Haldiram J & Chs Cctl Samosa,Frozen,$8.48,460.04,460g
Haldiram Paneer Tikka Samosa,Frozen,$7.42,402.54,460g
Haldiram Paneer Tikka Samosa,Frozen,$13.35,724.24,490g
Haldiram Schezwan Pnr Samosa,Frozen,$11.00,596.75,520g
Haldiram's Aloo Palak Paratha,Frozen,$5.48,297.29,4p
Mt Restaurant Porotta,Frozen,$14.83,804.53,1816g
Saurbhi Iqf - Mix Veg,Frozen,$5.97,323.87,908g
Saurbhi Mix Veg Samosa 1.​44k,Frozen,$16.86,914.66,96p
Saurbhi Shreekhand - Kesar Elaichi,Frozen,$10.31,559.32,500g
Shuddh Ice Cream - Btrscotc,Frozen,$3.66,198.56,150ml
Vadilal Alphonso Mango Pulp,Frozen,$9.33,506.15,800g
Vadilal Banganapii Mang/​Slc,Frozen,$4.90,265.83,312g
Vadilal Bombay Club,Frozen,$5.35,290.24,340g
Vadilal Falsa Pulp,Frozen,$14.22,771.44,1kg
Vadilal Farali Coconut Petis,Frozen,$5.48,297.29,320g
Vadilal Ice Cream - Chocolate,Frozen,$15.99,867.46,1ltr
Vadilal Ice Cream - Strawberry,Frozen,$15.99,867.46,1ltr
Vadilal Kesar Mang/​Slc,Frozen,$5.11,277.22,312g
Vadilal Nylon Khaman,Frozen,$4.38,237.61,312g
Vadilal Pizza - Mexican,Frozen,$6.58,356.96,250g
Vadilal Pizza - Paneer Tikka,Frozen,$6.03,327.13,225g
Vadilal Puff - Cheesy Pizza,Frozen,$3.28,177.94,125g
Vadilal Puff - Chhole Masal,Frozen,$3.28,177.94,125g
Vadilal Tandaljo,Frozen,$3.28,177.94,312g
Viya Malai Soya Chaap,Frozen,$10.21,553.89,10pcs
Viya Tandoori Soya Chaap,Frozen,$8.64,468.72,10pcs
Roast Makhana - Peri Peri,Snacks & Chips,$5.07,275.05,70g
Sukhadia Garbaddas Bapuji Snack - Bikaneri Papad,Snacks & Chips,$3.13,169.8,200g
Sukhadia Garbaddas Bapuji Snack - Dry Karela,Snacks & Chips,$5.77,313.02,100g
Sukhadia Garbaddas Bapuji Snack - Farsi Puri,Snacks & Chips,$2.47,134.0,200g
Sukhadia Garbaddas Bapuji Snack - Instant Bhel,Snacks & Chips,$5.04,273.42,400g
Sukhadia Garbaddas Bapuji Snack - Kothmir Chevdo,Snacks & Chips,$4.78,259.32,300g
Sukhadia Garbaddas Bapuji Snack - Masala Sing Bhujia,Snacks & Chips,$4.21,228.39,300g
Sukhadia Garbaddas Bapuji Snack - Mini Bhakharwadi,Snacks & Chips,$4.93,267.45,300g
Sukhadia Garbaddas Bapuji Snack - Palak Puri,Snacks & Chips,$3.39,183.91,200g
Sukhadia Garbaddas Bapuji Snack - Papad Chavanu,Snacks & Chips,$5.11,277.22,400g
Tb Snk - Banana Chips,Snacks & Chips,$3.93,213.2,170g
Bhavnagri Gathiya,Snacks & Chips,$11.55,626.59,1kg
Aayu's Potato Chips - Masala Ptta,Snacks & Chips,$3.99,216.46,200g
Aayu's Potato Chips - Salted,Snacks & Chips,$3.99,216.46,200g
Bansari Snk - Crack Salt,Snacks & Chips,"was $5.99


$4.99",324.96,400g
Bansari Snk - K Mirch Mathi,Snacks & Chips,"was $5.99


$4.99",324.96,400g
Bansari Snk - Kulcha - 4pc,Snacks & Chips,$5.99,324.96,400g
Bansari Snk - Spicy Para,Snacks & Chips,"was $5.99


$4.99",324.96,400g
G/​G Snk - Banana Masala,Snacks & Chips,$3.34,181.2,180g
G/​G Snk - Banana Pepper,Snacks & Chips,$3.01,163.29,180g
Gajanand Mahabaleshwar Chana Plain,Snacks & Chips,$4.12,223.51,400g
Gajanand Mahabaleswar Chana Salty,Snacks & Chips,$4.12,223.51,400g
Grand Chetindu Grlc Mix,Snacks & Chips,$3.15,170.89,125g
Grand Chettinadu Bitter Gourd Chips,Snacks & Chips,$3.15,170.89,125g
Grand Chettinadu Palakkadan Banana Chips,Snacks & Chips,$3.15,170.89,125g
Haldiram Bread Pakoda,Snacks & Chips,$6.75,366.19,380g
Haldiram Cheese Balls,Snacks & Chips,$12.00,651.0,12pcs
Haldiram Corn Cutlet,Snacks & Chips,$5.99,324.96,12pcs
Haldiram Dal Palak Kebab,Snacks & Chips,$7.49,406.33,12pcs
Haldiram's Phalhari Chiwda,Snacks & Chips,$2.71,147.02,200g
Jacme Baby Murukku,Snacks & Chips,$2.77,150.27,200g
Jacme Butter Murukku,Snacks & Chips,$3.29,178.48,200g
Jacme Kerala Hot Mixture,Snacks & Chips,$11.01,597.29,800g
Jacme Roasted Peanut,Snacks & Chips,$4.12,223.51,200g
Jaipur Nylon Sev,Snacks & Chips,$9.90,537.08,800g
Khushboo Snack - Banana Lng Pepper,Snacks & Chips,$6.14,333.1,340g
Khushboo Snack - Masala Sing,Snacks & Chips,$4.93,267.45,350g
Khushboo Snack - Methi Puri,Snacks & Chips,$4.93,267.45,350g
Khushboo Snk - Banana Lng Y,Snacks & Chips,$6.14,333.1,350g
Km Usal Sev,Snacks & Chips,$4.94,268.0,400g
Kozhi Koden Snack Kerla Mix,Snacks & Chips,$10.06,545.76,800g
Kozhi Koden Snk - Mlbr Mix,Snacks & Chips,$9.07,492.05,800g
Kozhi Koden Snk .​Banana Chil,Snacks & Chips,$7.37,399.82,400g
Marathi Bhadang,Snacks & Chips,$4.18,226.76,200g
Mirchi Masala Snack - Laung Sev,Snacks & Chips,$5.50,298.38,340g
Mt Baby Murukku Best Before - 31/​03/​2024,Snacks & Chips,$5.76,312.48,300g
Raj Amrut Banana Tomato Wafers,Snacks & Chips,$3.46,187.7,200g
Roast Makhana - Barbeque,Snacks & Chips,$5.07,275.05,70g
Roast Makhana - Cheese & Herbs,Snacks & Chips,$5.07,275.05,70g
Roast Makhana - Thai Sweet Chilli,Snacks & Chips,$5.07,275.05,70g
Samrat Sev Mamara Garlic,Snacks & Chips,$3.13,169.8,200g
Saurbhi Roasted Gulabi Salty 200,Snacks & Chips,$1.99,107.96,200g
Shyam Sundar Snack - Chanajor Garam,Snacks & Chips,$4.98,270.17,380g
Shyam Sundar Snack - Lasan Puri,Snacks & Chips,$4.94,268.0,350g
Shyam Sundar Snack - Lasan Sev,Snacks & Chips,$4.98,270.17,380g
Shyam Sundar Snack - Mari Puri,Snacks & Chips,$4.94,268.0,350g
Shyam Sundar Snack - Methi Puri,Snacks & Chips,$4.94,268.0,350g
Sukhadia Garbaddas Bapuji Snack - Farali Chevdo Hot,Snacks & Chips,$4.21,228.39,300g
Sukhadia Garbaddas Bapuji Snack - Flex Seed Puri,Snacks & Chips,$3.28,177.94,200g
Sukhadia Garbaddas Bapuji Snack - Mari Sing Bhujiya,Snacks & Chips,$4.21,228.39,300g
Sukhadia Garbaddas Bapuji Snack - Pouva Chevdo,Snacks & Chips,$3.71,201.27,300g
Sukhadia Garbaddas Bapuji Snack - Tal Puri,Snacks & Chips,$3.39,183.91,200g
Sukhadia Garbaddas Bapuji Snack - Tam Tam,Snacks & Chips,$4.94,268.0,400g
Sukhadia Garbaddas Bapuji Snack - Wheat Chevdo,Snacks & Chips,$4.12,223.51,300g
Tb Snk- Ribbon Murukku,Snacks & Chips,$3.93,213.2,170g
Uttam Sev Puri,Snacks & Chips,$5.77,313.02,400g
